3500 5052
705 394 927 462 ..23-

233 609 324 676 dere.
336 608 358 696 ¹)
405 611 525 676 Meum
555 609 668 697 igitur
691 618 746 677 est
769 610 859 677 duos
882 610 1016 698 priores
1041 609 1223 678 Historiae
1251 611 1409 681 Graecae

237 725 357 804 partes
373 738 444 783 non
462 736 534 782 uno
550 725 709 803 ternpore
725 715 874 804 scriptas
891 737 967 784 esse
982 716 1290 785 observationibus
1307 719 1410 786 novis

232 823 421 890 illustrare.

342 931 422 1014 Qua
452 929 551 996 inre
583 929 837 1017 particularum
860 929 1107 1017 inquisitiones
1132 930 1212 997 usui
1236 953 1313 998 esse
1337 954 1409 999 non

230 1037 302 1103 iam
325 1045 485 1123 possunt,
508 1056 588 1102 curn
614 1035 828 1124 Roquettius
852 1059 929 1104 eam
951 1059 1023 1104 rem
1041 1039 1129 1104 adeo
1145 1037 1345 1120 absolverit,
1369 1048 1410 1106 ut

231 1143 309 1209 fieri
333 1164 405 1209 non
428 1142 551 1229 possit,
577 1153 619 1210 ut
641 1142 829 1230 quicquam
856 1143 1016 1214 addatur.
1062 1144 1169 1211 Aliud
1198 1145 1310 1232 igitur
1334 1167 1410 1213 ver·

235 1251 360 1316 borum
389 1270 505 1337 genus
535 1249 631 1316 adire
654 1249 833 1335 debemus,
865 1272 936 1338 quo
960 1252 1197 1319 examinando
1229 1262 1265 1320 et
1296 1254 1410 1320 conle-

232 1357 342 1425 rendo
377 1379 419 1424 ea
454 1357 673 1440 adiuvemus,
708 1379 800 1446 quae
833 1358 1085 1445 particularum
1120 1359 1409 1447 inquisitionibus

233 1464 359 1532 effecta
375 1473 468 1532 sunt
514 1467 566 1532 Ac
581 1466 738 1552 prolecto
754 1486 835 1533 curn
853 1466 897 1532 de
911 1466 1150 1552 Xenophonte
1169 1489 1287 1534 rerum
1303 1467 1410 1555 scrip·

231 1580 307 1638 tore
330 1581 468 1657 agatur,
496 1571 644 1639 aliorum
669 1572 923 1638 vocabulorum
948 1594 1053 1666 usum
1077 1573 1195 1660 magis
1217 1571 1404 1660 respicien-

231 1678 317 1744 dum
341 1699 417 1744 esse
441 1688 598 1765 apparet,
621 1699 702 1745 curn
719 1699 863 1745 necesse
879 1678 926 1745 sit
941 1680 1037 1765 apud
1054 1701 1135 1746 eum
1152 1681 1406 1766 particularum

231 1783 368 1870 copiam
385 1794 493 1870 atque
509 1783 756 1851 auctoritatem
773 1785 886 1851 multo
903 1785 1074 1852 minorem
1091 1807 1167 1852 esse
1189 1808 1296 1873 quam
1313 1788 1408 1874 apud

114 1969 116 1976 Ι
233 1891 416 1958 Platonem
433 1891 658 1977 dialogorum
681 1891 972 1978 philosophorum
990 1901 1180 1977 auctorem,
1201 1915 1309 1987 aquo
1324 1893 1408 1961 illae·

231 1997 485 2085 particularum
501 1997 748 2084 inquisitiones
764 1998 906 2088 initium
924 2010 1105 2086 ceperunt.
1140 1999 1284 2068 Scilicet
1299 2001 1407 2070 etiam

231 2104 326 2192 apud
346 2105 625 2192 Xenophontem
660 2114 701 2172 ut
729 2105 934 2192 scriptorem
967 2127 1108 2174 summa
1132 2117 1207 2173 arte
1231 2107 1407 2178 scribendi

230 2211 429 2299 praeditum
463 2213 659 2300 particulae
691 2213 815 2299 magni
848 2213 1019 2281 momenti
1052 2223 1145 2298 sunt,
1178 2214 1239 2280 sed
1268 2252 1311 2264 -
1335 2237 1406 2282 non

230 2321 326 2385 solae
342 2320 379 2384 in
395 2320 639 2406 quaestionem
657 2320 775 2387 vocari
792 2321 932 2389 debent.
959 2320 1062 2405 Quod
1080 2321 1162 2387 siin
1179 2321 1406 2408 quaestiones

230 2427 274 2492 de
298 2426 473 2494 universis
496 2427 747 2515 Xenophontis
774 2427 873 2494 libris
897 2427 1077 2495 habendas
1101 2428 1213 2513 cadit,
1233 2428 1406 2516 imprimis
1517 2518 1521 2523 .

229 2534 266 2598 in
291 2533 452 2601 Historia
476 2535 613 2602 Graeca
644 2536 904 2604 observandum
937 2545 1002 2603 est.
1051 2537 1144 2601 Nam
1178 2536 1215 2601 in
1249 2558 1290 2601 eo
1317 2535 1406 2602 libro

230 2661 302 2706 non
323 2642 653 2727 argumentationes
676 2663 815 2709 summa
838 2651 913 2710 arte
936 2641 1054 2728 logica
1075 2643 1257 2709 institutas
1273 2642 1407 2708 inveni-

231 2768 325 2832 mus,
369 2748 431 2814 sed
466 2749 687 2816 narrationes
726 2770 842 2818 rerum
879 2749 1084 2815 bellicarum
1105 2759 1213 2816 'terra
1248 2744 1407 2834 marique

117 2893 125 2904 =
231 2863 413 2939 gestarum
437 2855 566 2922 librum
590 2856 735 2924 omnino
758 2855 913 2943 explent.
960 2855 1064 2939 Quod
1089 2876 1204 2940 genus
1220 2854 1404 2922 verborum

229 2960 317 3026 mihi
341 2962 588 3028 arcessendum
613 2971 716 3044 esset,
740 2961 971 3029 annotatione
997 2960 1259 3046 Dittenbergeri
1283 2961 1306 3028 l.
1329 2982 1355 3028 c.
1372 2983 1404 3048 p.

229 3061 297 3132 330
325 3067 418 3134 iacta
447 3059 642 3136 instructus
665 3088 754 3152 sum,
782 3068 844 3137 ubi
871 3068 931 3135 ille
955 3067 1163 3135 brevissime
1187 3068 1345 3135 ostendit
1366 3068 1403 3134 in

231 3194 298 3241 usu
334 3175 593 3262 Xenophonteo
633 3175 862 3242 memorabile
897 3175 1090 3242 discrimen
1119 3175 1212 3242 inter
1244 3172 1405 3263 τρόπαιον

229 3279 361 3350 ἱστάναι
384 3292 420 3349 et
442 3280 607 3372 τρόπαιον
629 3284 794 3351 ἵστασθαι
819 3304 904 3350 esse.

337 3390 418 3475 Qua
442 3390 673 3458 annotatione
689 3397 888 3457 commotus
911 3411 1011 3474 sum,·
1024 3399 1065 3458 ut
1086 3389 1123 3455 in
1146 3410 1251 3456 usum
1276 3410 1404 3456 vocum

230 3497 455 3565 sollemnium
480 3497 531 3564 rei
545 3498 718 3582 militaris,
742 3517 833 3584 quae
856 3497 893 3564 in
911 3496 1092 3565 Historiae
1109 3495 1269 3563 Graecae
1284 3495 1406 3584 priori-

229 3603 296 3670 bus
312 3604 451 3671 duabus
467 3605 627 3691 partibus
648 3603 903 3689 invenirentur,
926 3603 1175 3691 perquirerem.
1224 3604 1342 3687 Quam
1359 3604 1404 3669 ad

228 3732 304 3778 rem
318 3710 514 3778 Historiam
526 3711 712 3795 Graecam,
719 3711 837 3799 quoad
850 3710 1059 3798 quaestione
1070 3720 1191 3780 nostra
1205 3709 1404 3796 attingitur,

340 3907 365 3994 ¹)
388 3911 530 3970 Ceterum
553 3913 648 3969 etiam
664 3911 828 3970 novissima
843 3919 945 3969 aetate
962 3930 1000 3968 ea
1015 3929 1064 3969 res
1080 3912 1180 3970 denuo
1197 3914 1293 3970 semel
1309 3917 1402 3986 atque

229 4003 338 4060 iterum
355 4001 560 4059 demonstrata
576 4008 636 4069 est;
660 4001 697 4058 ci.
708 4002 765 4059 Th.
778 4002 906 4067 Fellner,
918 4001 1106 4059 Historische
1123 4002 1404 4076 Untersnchnngen.

228 4091 348 4148 Amold
371 4089 495 4148 Sebaser
516 4110 583 4148 zum
609 4089 790 4167 25jahngen
805 4092 958 4166 Jubilaum
984 4132 991 4147 .
1019 4132 1026 4146 .
1053 4131 1060 4148 .
1088 4091 1255 4166 gewidmet,
1277 4090 1403 4149 Bonnae

232 4178 326 4249 1882,
352 4200 383 4256 p.
399 4179 542 4248 47-69,
575 4180 722 4256 imprimis
749 4187 853 4237 autern
876 4180 916 4240 G.
939 4180 1102 4256 Friedrich,
1125 4182 1232 4237 Annal.
1254 4178 1403 4236 Fleckeis.

232 4267 304 4338 147,
323 4267 406 4330 1893
422 4289 452 4345 p.
464 4269 484 4330 9
498 4289 563 4346 sqq.
580 4277 685 4328 contra
697 4270 916 4338 Schwartainm,
934 4271 986 4346 qui
997 4270 1076 4327 Mna.
1089 4269 1185 4326 Rhen.
1195 4268 1290 4325 XLIV
1310 4264 1404 4334 1889,

227 4378 257 4433 p.
276 4356 334 4419 161
347 4376 411 4435 sqq.
435 4359 601 4417 Historiam
614 4358 767 4418 Graecam
783 4377 842 4416 nno
851 4365 957 4418 tenore
970 4359 1113 4434 scriptam
1126 4375 1194 4414 esse
1205 4357 1399 4417 iudicaverat.
