3500 5052
756 405 978 472 ,11-

331 622 356 685 Ι.
379 617 470 710 μήνε
495 645 531 709 γε
553 618 625 709 μήν,
648 619 705 686 καὶ
731 619 797 710 μήν
813 623 902 708 (pa),
921 610 1006 686 ἀλλὰ
1028 619 1093 710 μήν
1109 619 1197 709 (ρο),
1214 610 1300 687 cittii
1316 617 1368 700 τίς
1378 617 1453 708 μήν,

488 725 539 806 τίς
561 729 661 806 (πῶς)
683 723 758 816 μήν,
784 716 974 815 οὖ(δε“)μήν,
996 717 1017 815 ἦ
1040 723 1114 816 μήν,
1136 719 1202 815 μὴν
1225 727 1352 795 solum.

309 835 355 900 11.
382 824 463 900 οὖνῖ
487 834 548 918 μὲν
576 824 640 916 οὖν,
670 830 761 900 πάνυ
788 832 849 917 μὲν
872 823 939 910 οὖν,
963 834 1017 912 τίς
1039 823 1129 921 (ἆρα,
1154 831 1244 920 πῶς)
1267 823 1333 915 οὖν,
1364 839 1451 922 γοῦν,

490 945 668 1029 τοιγαροῦν,
692 930 817 1023 οὐκοῦν,
841 927 964 1022 οὔκουν,
992 929 1141 1020 ὁοτιςοῦν
1164 948 1240 1022 eto,
1264 929 1361 1008 doda.

289 1049 354 1111 111.
377 1044 435 1134 dri:
488 1044 529 1136 δή
554 1045 620 1130 (καὶ
636 1045 687 1136 δή,
712 1039 774 1134 γὰρ
791 1043 846 1136 δή)
868 1045 929 1132 μὲν
943 1043 993 1136 δή,
1020 1045 1056 1114 δὲ
1073 1043 1123 1134 δή,
1149 1045 1186 1134 γε
1202 1044 1251 1134 δή,
1275 1045 1327 1126 τίς
1356 1052 1452 1129 (πῶς,

490 1143 568 1242 ἆρα)
596 1151 646 1243 δή,
671 1152 727 1220 καὶ
750 1146 813 1242 γὰρ
837 1151 887 1244 δή,
908 1153 969 1238 μὲν
992 1144 1054 1241 γὰρ
1078 1148 1128 1242 δή,
1151 1151 1208 1220 καὶ
1230 1152 1292 1239 μὲν
1314 1151 1365 1244 δή,
1395 1153 1478 1220 καὶ·

492 1256 532 1350 δή
557 1259 622 1328 κοί.

292 1368 352 1434 IV.
409 1365 464 1456 ya':
495 1393 531 1455 γε
553 1364 628 1456 μήν,
652 1357 738 1434 ἀλλὰ
760 1364 827 1456 μήν
850 1391 886 1455 γε
910 1375 986 1450 etc,
1022 1367 1059 1455 ys*
1082 1387 1161 1432 cum
1191 1387 1288 1452 pron.
1314 1387 1453 1452 person.

497 1499 532 1563 pc
553 1473 669 1559 μέντοι
690 1474 734 1560 -Ι-
756 1473 917 1562 μέντοιγε,

305 1581 349 1650 V.
408 1577 472 1648 τοί
495 1590 578 1648 etc:
601 1580 723 1665 μέντοι,
756 1579 875 1663 τοίνυν,
905 1578 1027 1663 καίτοι,
1054 1578 1115 1663 τοτ’,
1144 1567 1243 1663 viror,
1275 1579 1357 1646 ἐπεί
1387 1604 1453 1663 τοι,

489 1675 571 1776 επ

291 1793 354 1860 VI.
379 1792 466 1881 πέρι
492 1785 609 1880 ὅσπερ,
644 1785 771 1880 ὥσπερ,
799 1781 898 1882 ᾗπερ,
926 1791 1097 1879 καθάπερ,
1132 1789 1269 1880 καίπερ,
1304 1785 1454 1880 οἷόςπερ,

491 1891 647 2017 ὅμσοςπερ,
664 1888 832 1987 ὅστιςπερ,
859 1895 967 1986 εἴπερ,
984 1886 1097 1985 οὗπερ,
1117 1890 1241 1986 ὅτεπερ
1259 1907 1334 1982 eto,
1350 1888 1452 1990 ἥπερ,

497 1993 505 2018 ‚

492 2030 602 2094 οινπερ

276 2115 359 2180 VII.
382 2111 438 2180 ra':
496 2110 615 2194 τε-κοιί,
640 2135 738 2194 τε-τε,
764 2099 934 2178 οἵτε-οἷπε
957 2111 1045 2199 (τε),
1068 2107 1229 2179 εἴτε-εἴτε.

384 2221 607 2286 Hartmanus
622 2218 668 2303 id,
685 2218 780 2304 quod
796 2217 1038 2284 demonstrare
1055 2219 1142 2302 vult,
1158 2217 1343 2304 perspicue
1354 2239 1452 2304 prae-

277 2325 372 2392 dicat
395 2325 647 2413 „Roquettium
669 2323 800 2392 tabulis
816 2324 890 2391 suis
907 2323 1159 2411 componendis
1181 2345 1325 2411 operam
1341 2325 1455 2412 perdi·

277 2433 400 2516 disse“‚
425 2455 467 2499 ea
488 2432 602 2519 igitur
617 2440 840 2519 argumenta,
863 2452 954 2518 quae
971 2452 1016 2497 ex
1033 2452 1098 2498 usu
1115 2430 1254 2497 dicendi
1271 2431 1452 2519 scriptoris

277 2539 499 2608 observando
521 2548 721 2623 nascautur,
745 2538 868 2604 inania
885 2560 969 2605 esse.
1017 2539 1133 2622 Quam
1158 2537 1202 2604 ad
1219 2559 1293 2604 rem
1311 2538 1454 2605 demon-

277 2647 458 2714 strandam
476 2646 589 2712 multa
610 2667 652 2712 ac
667 2645 766 2713 varia
782 2653 995 2730 argumenta
1011 2646 1152 2731 profert,
1169 2666 1319 2732 quorum
1336 2643 1454 2732 priora

276 2760 350 2818 tam
365 2751 459 2820 levia
475 2760 568 2835 sunt,
584 2761 625 2819 ut
638 2751 761 2838 paucis
777 2750 895 2818 verbis
911 2750 1022 2817 refelli
1038 2751 1186 2837 possint.
1224 2750 1285 2818 Sic
1300 2750 1454 2817 breviter

276 2857 355 2926 dico
379 2857 609 2925 clarissimam
634 2858 733 2924 illam
749 2859 952 2942 „saturam“‚
976 2878 1067 2942 quae
1084 2879 1105 2922 a
1120 2856 1336 2924 Schwartzio
1353 2878 1454 2924 voca·

277 2972 343 3047 tur,
367 2964 512 3030 minime
531 2963 796 3050 Dittenbergeri
814 2963 1079 3050 disquisitiones
1096 2972 1253 3048 tangere,
1277 2984 1360 3028 nam
1377 2963 1453 3050 ipse

275 3070 314 3136 in
338 3070 635 3137 commentatione
659 3091 725 3136 sua
748 3069 941 3136 clarissime
961 3069 1117 3136 ostendit
1131 3069 1211 3136 illas
1227 3069 1454 3156 quaestiones

278 3197 462 3263 nunquam
487 3177 580 3244 solas
603 3197 666 3263 per
689 3198 728 3243 se
751 3198 830 3243 eam
853 3175 927 3244 vim
952 3176 1091 3260 habere,
1115 3185 1155 3242 ut
1179 3175 1339 3242 ordinem
1356 3176 1454 3243 chro-

275 3283 482 3370 nologicum
498 3283 703 3364 indicarent
716 3293 751 3350 et
767 3283 967 3367 definirent,
982 3282 1043 3349 sed
1061 3305 1121 3350 eas
1138 3282 1364 3350 advocandas
1380 3305 1453 3349 non

276 3412 354 3457 esse
383 3389 451 3456 nisi
480 3389 541 3457 ubi
564 3390 600 3456 id
630 3401 803 3476 ageretur,
839 3400 880 3457 nt
913 3390 1030 3476 aliqua
1066 3389 1268 3456 coniectura
1302 3389 1380 3455 aliis
1409 3390 1452 3456 de

276 3496 392 3564 causis
416 3497 553 3583 prolata
576 3506 639 3564 aut
655 3496 925 3564 confirmaretur
940 3507 1004 3564 aut
1018 3497 1268 3563 destrueretur.
1299 3497 1454 3582 Roquet·

276 3605 366 3671 tium
384 3605 604 3670 Hartmanus
628 3603 773 3670 meliore
796 3603 873 3670 iure
888 3612 1009 3670 satura
1031 3625 1097 3669 sua
1113 3602 1263 3689 aggredi
1281 3602 1453 3686 videatur,

276 3732 357 3778 cum
373 3710 433 3776 ille
448 3732 520 3776 non
537 3718 610 3776 tam
625 3711 718 3776 clare
733 3731 841 3797 quam
859 3709 1150 3793 Ditteubergerus
1167 3709 1314 3776 rationis
1331 3729 1454 3776 nume·

275 3838 395 3883 rorum
432 3817 523 3883 fines
559 3815 881 3903 circumscripserit.
949 3817 1020 3886 Sed
1045 3814 1218 3902 quisquis
1254 3815 1454 3883 considerat

277 3923 509 4010 Roquettium
537 3923 683 3990 omnino
707 3922 973 4010 Dittenbergeri
1002 3921 1302 3989 commentatione
1329 3921 1454 3991 incita·

277 4041 353 4098 tum
389 4052 473 4115 esse,
509 4041 550 4098 nt
584 4031 809 4118 quaestiones
844 4050 927 4096 suas
949 4028 1161 4113 institueret,
1197 4038 1240 4111 et,
1276 4038 1453 4116 quatenns

276 4138 525 4226 Xenophontis
550 4137 711 4205 Historia
735 4137 872 4204 Graeca
895 4135 1095 4221 attingitur,
1118 4135 1219 4202 illum
1236 4136 1341 4222 plane
1356 4135 1451 4203 idem

277 4244 418 4329 sentire,
442 4244 536 4332 quod
553 4244 849 4329 Dittenbergerus
867 4253 972 4310 antea
988 4242 1153 4326 ostendit,
1177 4241 1210 4309 ei
1226 4242 1360 4330 optimo
1375 4242 1453 4309 iure

276 4353 417 4418 credere
440 4351 524 4419 licet
551 4350 794 4439 Roquettium‚
818 4349 935 4437 quoad
963 4369 1034 4416 uon
1059 4349 1275 4418 contrarium
1298 4369 1452 4435 pronun·
