3500 5052
691 361 912 468 -355

215 580 299 647 bem
323 579 480 646 nondum
504 579 731 665 reliquerunt,
754 578 817 643 sed
840 577 884 644 de
907 599 944 644 re
967 578 1087 643 futura
1107 576 1312 661 deliberant,
1335 599 1395 644 ne-

215 708 287 774 que
317 686 462 753 omnino
487 707 567 752 cum
591 684 689 751 verbi
719 675 892 771 ὁρμᾶσθαι
918 683 1060 770 propria
1076 683 1221 750 notione
1236 684 1392 770 proficis·

219 793 321 860 cendi
345 793 547 868 cohaerere;
582 792 643 857 sed
668 813 713 856 ex
736 811 874 857 conexu
908 811 949 856 ac
973 811 1080 856 sensu
1103 789 1245 857 illorum
1269 789 1391 856 verbo-

218 921 297 966 rum
330 898 490 984 sequitur
523 899 672 964 formam
709 888 917 987 (ὁρμημένους
948 896 1041 963 idem
1070 896 1274 982 significare
1297 897 1392 984 quod

215 997 443 1095 ὀρεγομένους,
472 1004 734 1088 ἐπιθυμοῦντας,
761 1001 912 1088 ἑτοίμους
941 992 1045 1087 ὄντος,
1074 1003 1110 1069 id
1139 1003 1234 1090 quod
1264 1003 1392 1074 Latine

222 1133 392 1198 „pronum
422 1112 519 1176 esse“
550 1109 685 1177 dicitur.
734 1113 786 1179 Ut
813 1109 966 1177 dilucide
995 1110 1191 1190 ostendam,
1215 1130 1305 1196 quae
1328 1109 1394 1175 ior-

218 1239 298 1285 mae
322 1216 467 1305 perfecti
489 1238 552 1283 seu
576 1216 913 1305 plusquamperfeeti
929 1217 1026 1284 illam
1052 1217 1125 1283 vim
1150 1239 1171 1284 a
1195 1215 1293 1285 verbi
1316 1237 1394 1303 pro-

218 1326 296 1412 pria
330 1335 437 1413 atque
473 1325 604 1393 usitata
639 1324 783 1392 notione
812 1325 957 1392 omnino
980 1325 1204 1392 recedentem
1228 1322 1393 1405 habeant,

214 1455 309 1520 quae
333 1455 402 1500 non
428 1434 591 1515 habeant,
616 1433 773 1500 tabulam
797 1432 938 1500 illarum
962 1433 1152 1500 formarum
1170 1450 1392 1516 componam.

737 1617 869 1715 ὥρμητο

356 1734 535 1818 profectus
559 1741 643 1798 erat.
991 1753 1123 1818 pronus
1148 1743 1231 1800 erat.

216 1854 1042 1978 wunvuwnnuiwnua

1073 1985 1393 1996 ——.-........—,

725 2097 888 2196 ὥρμηντο.

355 2215 502 2303 profecti
528 2224 637 2282 eraut.
992 2210 1093 2298 proni
1118 2221 1226 2278 erant

235 2354 495 2442 nunni
880 2349 1393 2438 nuaua1nui

213 2462 391 2549 nunu
866 2456 1037 2545 ουηυ
1237 2458 1392 2546 vua

864 2564 1263 2653 nundina

849 2672 1041 2759 vnnu

833 2777 1292 2864 munumina

684 2986 840 3084 ὥρμημαι
865 3003 928 3061 ete.

314 3100 497 3187 profectus
521 3122 600 3166 sum
626 3109 689 3167 etc.
951 3121 1083 3186 pronus
1109 3121 1188 3166 sum
1213 3111 1275 3168 etc.

291 3240 429 3326 inu
490 3241 647 3322 nna
865 3240 1037 3328 υνυς

257 3346 651 3434 wnuvfflm.
865 3345 1266 3434 vwannue

215 3451 431 3539 unna
533 3523 534 3528 i
835 3454 1145 3542 vmaauc

475 3596 516 3664 n
803 3581 806 3704 Ι
1092 3597 1132 3666 n

324 3790 486 3860 Tabulae
509 3796 703 3862 ostendunt
726 3816 785 3860 eas
808 3794 947 3880 formas,
975 3817 1066 3883 quae
1089 3795 1270 3862 notionem
1299 3816 1395 3882 „pro-

214 3919 306 3964 num
332 3901 428 3966 esse“
455 3901 596 3986 habent,
619 3903 728 3988 longe
744 3901 957 3988 praevalere.
986 3900 1022 3968 Si
1038 3901 1150 3988 igitur
1166 3899 1393 3987 Thucydides

212 4004 383 4073 omnibus
406 4006 477 4074 illis
500 4008 587 4074 locis
610 4030 673 4096 pro
705 4007 828 4076 formis
857 3999 1011 4099 ὥρμημαι
1040 4019 1077 4074 et
1104 3999 1264 4099 ὡρμήμην
1286 4009 1395 4076 verba

214 4101 409 4200 ὀρέγεσθαι,
438 4114 573 4198 ἕτοιμον
601 4109 685 4182 εἶναι
713 4125 778 4182 etc.
803 4114 1053 4200 usurpavisset‚
1081 4114 1118 4180 id
1147 4115 1241 4201 quod
1269 4115 1395 4203 potuit,

215 4218 308 4285 ratio
331 4220 526 4287 formarum
550 4220 658 4288 activi
682 4231 717 4287 et
740 4220 846 4287 medii
862 4220 933 4286 iam
957 4220 1008 4289 ita
1024 4242 1062 4288 se
1078 4220 1233 4306 haberet,
1257 4230 1297 4290 ut
1313 4220 1396 4287 usui

212 4333 334 4392 cetero
359 4327 467 4396 activi
492 4338 528 4395 et
551 4327 657 4394 medii
681 4327 775 4395 haud
800 4349 886 4395 sane
909 4337 1134 4415 repugnaret.
