3500 5052
780 349 1002 418 „58-

308 571 344 638 in
376 567 503 655 quibus
538 567 637 634 illam
674 587 797 634 vocem
834 565 955 640 evitat,
991 565 1060 632 alio
1096 565 1215 632 animo
1244 566 1373 632 etalio
1401 575 1486 631 tenr-

308 697 392 761 pore
415 673 631 760 conscriptos
655 673 754 740 esse?

410 771 696 870 ἡμεροσκόπος
723 783 751 863 (Ι
778 777 806 862 1,
831 777 866 861 2)
894 780 916 847 i.
942 802 970 846 e.
1001 780 1202 866 explorator
1231 779 1390 848 diurnus.
1438 783 1480 846 ln

310 889 337 952 B
361 887 510 975 scriptor
534 886 622 953 nihil
640 885 707 954 nisi
723 884 856 966 σκοπός
877 886 1007 968 scribit,
1038 906 1252 972 quamquam
1277 886 1312 952 id
1334 895 1484 972 utroque

310 997 395 1078 loc0,
419 1015 489 1081 quo
513 993 702 1076 invenitur,
726 993 814 1060 nihil
838 993 935 1060 aliud
950 1002 1058 1080 atque
1074 984 1311 1083 ἡμεροσκόπος
1334 1001 1403 1060 est:
1428 994 1482 1057 111

308 1099 422 1183 2142
457 1098 614 1190 ἐξαίφνης
638 1090 757 1186 όρῶσιν
780 1097 817 1167 ἐκ
838 1104 897 1166 τοῦ
922 1092 1106 1186 ἀντιπέρας
1140 1095 1291 1178 σκοποός
1325 1097 1386 1166 ἐπί
1420 1103 1485 1166 τόν

308 1201 503 1299 μνημότωνς
527 1209 560 1276 V
584 1205 613 1288 1,
636 1203 693 1273 27:
722 1198 740 1273 ό
764 1206 802 1274 δὲ
823 1199 1046 1288 Ἀνταλκίδας,
1076 1205 1156 1274 ἐπεὶ
1179 1196 1269 1294 αι’τῷ
1296 1203 1329 1274 ol
1361 1207 1484 1274 σκοποί

308 1313 491 1404 ὲσὴμηναν.
508 1369 513 1382 .
528 1312 733 1402 ,ἐνήδρεεεκ
785 1312 905 1382 Etiam
927 1312 994 1380 hoc
1011 1312 1222 1380 vocabulum
1243 1304 1483 1402 ἡμεροσκόπος,

311 1421 426 1508 quoad
452 1419 696 1507 perscrutandi
724 1419 813 1486 mihi
836 1420 986 1488 facultas
1009 1429 1094 1502 erat,
1118 1419 1365 1487 tantummodo
1389 1420 1483 1507 apud

309 1527 498 1615 scriptores
511 1526 720 1614 antiquioris
732 1526 860 1594 aetatis
871 1526 1020 1614 repperi,
1039 1525 1134 1614 apud
1145 1525 1370 1610 Aeschylum,
1386 1527 1482 1614 Sept.

315 1659 346 1700 v.
372 1631 423 1716 66,
449 1635 670 1700 Herodotum
696 1636 766 1702 VII
792 1630 856 1700 182
885 1643 922 1701 et
949 1631 1024 1717 192,
1047 1633 1269 1721 Sophoclem,
1308 1633 1424 1717 Autig.
1451 1657 1483 1700 v.

309 1738 384 1824 263,
417 1740 707 1828 Aristophanem,
754 1741 819 1807 Av.
849 1735 947 1807 1174.
1006 1740 1095 1807 Cum
1129 1761 1172 1806 ex
1212 1748 1381 1828 quattuor
1414 1740 1484 1807 illis

308 1847 537 1934 scriptoribus
572 1855 642 1914 tres
670 1856 797 1934 poetae
831 1846 913 1930 sint,
949 1846 1120 1934 suspicari
1154 1846 1237 1913 licet
1269 1848 1483 1916 vocabulum

309 1946 547 2043 ἡμεροσκόπος
564 1953 695 2020 maiore
720 1962 880 2040 exparte
904 1953 940 2018 in
959 1963 1142 2039 poetarum
1157 1973 1232 2033 usu,
1257 1953 1381 2040 utique
1396 1953 1485 2022 anti-

311 2060 444 2146 quioris
468 2060 594 2129 aetatis
618 2060 800 2148 proprium
823 2059 943 2127 inisse.

416 2165 625 2235 Transimus
650 2168 693 2233 ad
721 2188 824 2234 voces
840 2166 1041 2253 singulares
1065 2167 1177 2254 partis
1195 2170 1233 2235 Β.
1258 2158 1486 2246 ἀντίπαλος

310 2276 331 2342 i.
357 2297 386 2340 e.
411 2274 610 2359 πολέμιος
632 2274 668 2340 in
692 2272 718 2336 B
740 2294 1008 2359 nonnumquam
1033 2271 1150 2360 (1115,
1172 2271 1225 2342 23.
1251 2276 1303 2342 IV
1322 2270 1353 2356 2,
1378 2269 1430 2340 14.
1455 2271 1485 2357 8,

309 2378 368 2467 26)
407 2381 509 2448 iuxta
549 2381 717 2465 πολέμιος
755 2391 961 2467 usurpatur,
1007 2389 1132 2448 contra
1170 2380 1207 2446 iu
1240 2383 1285 2462 A,
1320 2380 1485 2468 quamvis

310 2487 423 2554 multa
438 2486 483 2553 de
500 2487 601 2553 bellis
617 2494 653 2553 et
668 2486 831 2554 hostibus
855 2494 996 2553 narrata
1022 2486 1105 2569 sint,
1127 2485 1215 2553 nihil
1237 2486 1305 2553 nisi
1322 2486 1486 2572 πολέμιος

309 2592 529 2660 invenimus:
554 2590 670 2678 11,7.
698 2589 749 2660 14.
773 2590 826 2662 15.
851 2588 904 2661 22.
929 2589 1028 2676 2,18.
1053 2590 1159 2676 3,19.
1184 2590 1237 2660 21.
1262 2591 1291 2674 6,
1320 2589 1373 2662 20.
1399 2591 1429 2678 6,
1453 2591 1483 2659 3.

311 2699 341 2766 9.
366 2697 419 2768 29.
445 2697 552 2782 38.’7,
576 2699 607 2769 5.
632 2697 675 2766 28
699 2699 762 2768 bis.
787 2697 831 2768 29
856 2699 919 2768 bis.
945 2697 999 2766 31.
1024 2702 1060 2766 ΙΙ
1084 2697 1114 2783 l,
1130 2696 1161 2768 2.
1186 2697 1240 2768 25.

416 2807 643 2897 ἐπικουρεῖν
677 2809 713 2874 iu
757 2809 785 2874 B
813 2816 946 2895 praeter
974 2813 1112 2898 βοηθεῖν
1139 2807 1294 2894 legimus
1329 2809 1380 2876 IV
1403 2805 1434 2891 8,
1456 2805 1484 2890 4,

311 2916 347 2980 in
372 2919 402 2978 A
432 2937 476 2982 ne
499 2915 607 2982 semel
636 2914 788 3002 quidem,
817 2914 980 3000 quamvis
1010 2935 1115 3001 saepe
1152 2919 1291 3004 βοηθεῖν
1329 2917 1483 3003 positum

309 3022 370 3090 sit:
396 3024 412 3088 Ι
438 3019 466 3105 1,
482 3021 512 3090 4.
537 3018 590 3090 26.
614 3019 644 3106 2,
660 3019 691 3090 2.
716 3019 746 3089 3.
772 3019 802 3088 6.
828 3018 858 3090 6.
890 3017 921 3088 8.
946 3018 975 3088 9.
1000 3017 1052 3088 16.
1078 3018 1107 3103 3,
1123 3017 1154 3088 6.
1178 3019 1231 3088 21.
1260 3019 1359 3104 6,13.
1384 3019 1483 3102 619.

310 3126 362 3196 21.
387 3127 440 3197 22.
465 3126 518 3194 24.
545 3130 580 3194 ΙΙ
604 3127 632 3212 1,
656 3126 709 3197 28.

418 3230 597 3327 φρονρόν
620 3236 788 3325 φαίνειν.
830 3237 934 3302 Hanc
963 3235 1178 3304 locutionem
1207 3236 1244 3302 in
1265 3235 1291 3300 B
1315 3257 1484 3326 persaepe

309 3345 379 3429 (ΙΙΙ
403 3342 434 3426 2,
449 3340 504 3409 23.
533 3340 586 3410 25.
615 3340 646 3423 6,
667 3339 697 3408 6.
727 3344 779 3409 IV
807 3339 837 3426 2,
853 3339 883 3408 9.
913 3339 991 3424 7,1.
1023 3343 1052 3410 2.
1082 3345 1116 3410 V
1144 3339 1172 3426 1,
1188 3337 1241 3412 29.
1271 3339 1347 3427 36.),
1381 3343 1417 3410 in
1454 3345 1485 3410 A

311 3469 493 3536 nunquam
528 3446 740 3516 invenimus.
802 3449 854 3515 Ad
888 3449 981 3515 Hist.
1012 3447 1072 3517 Gr.
1098 3451 1152 3514 111
1177 3446 1207 3531 2,
1228 3445 1280 3532 23,
1309 3471 1379 3536 quo
1406 3451 1484 3518 loco

310 3554 465 3642 primum
493 3549 638 3646 φρουρὰν
661 3552 791 3646 φαίνειν
813 3555 953 3642 legitur,
989 3553 1027 3624 L.
1053 3553 1343 3626 Breitenbachius
1372 3556 1484 3625 editor

311 3662 399 3730 haec
414 3662 575 3732 adnotat:
594 3656 759 3753 ,φρουρὰν
772 3651 910 3755 ἐ’φηναν]
926 3663 1078 3730 formula
1093 3662 1265 3730 laconica:
1290 3663 1484 3732 exercitum

310 3770 467 3853 educere,
490 3791 597 3857 quam
614 3769 913 3857 significationem
938 3770 1033 3857 apud
1055 3770 1194 3838 Atticos
1217 3779 1310 3838 certe
1335 3771 1482 3840 verbnm

311 3873 436 3966 φαίνειν
459 3898 530 3946 uon
554 3877 692 3948 habet.“
743 3879 848 3944 Hane
870 3876 1200 3964 interpretationem
1225 3876 1387 3964 equidem
1412 3899 1483 3945 non

311 3983 624 4070 comprobaverim.
672 3985 765 4052 Nam
794 3983 890 4051 locos
917 3983 1156 4071 inspicientes,
1185 3984 1314 4074 quibus
1342 3981 1485 4075 φροιράν

311 4088 440 4180 φαίνειν
464 4089 604 4177 legitur,
632 4091 881 4178 cognoscimus
905 4091 1068 4179 plurimis
1093 4090 1180 4159 locis
1211 4093 1280 4174 (ΙΙΙ
1304 4089 1334 4175 2,
1350 4088 1404 4159 23.
1428 4089 1483 4160 26.

304 4195 340 4279 h,
357 4193 387 4267 6.
405 4199 457 4265 1v
473 4193 503 4282 2,
520 4193 551 4267 9.
569 4200 601 4265 V
616 4195 645 4281 3,
663 4194 715 4272 13.
733 4195 762 4282 4,
778 4195 830 4266 47.
846 4200 896 4266 Vl
914 4195 1014 4281 4,17.
1031 4197 1061 4281 6,
1071 4196 1127 4281 10)
1142 4198 1316 4270 formulae
1338 4194 1485 4289 φρουρὰν

310 4306 435 4393 φαίνειν
458 4303 656 4372 subiectum
682 4326 759 4373 esse
783 4301 816 4373 οί
839 4292 961 4395 ἔφοροι.
1008 4305 1080 4373 Sed
1109 4325 1190 4372 cum
1215 4304 1365 4392 ephoros
1393 4325 1483 4372 nun·
