3500 5052
746 453 966 522 ...13-

264 676 406 734 tantum
429 689 544 755 neque
568 667 749 735 mutabilis
773 668 871 735 notio
893 668 994 741 inest.
1018 690 1109 755 opus
1131 669 1186 752 sit,
1210 669 1247 735 iu
1271 668 1341 734 alio
1364 668 1444 735 eius

265 774 486 841 adhibendae
509 774 646 841 occasio
670 796 741 841 non
765 775 943 842 offeratur.
992 777 1213 842 Hartmanus
1231 774 1317 842 dicit
1332 775 1439 862 parti·

266 881 425 948 cularum
450 881 735 948 coniunctionem
759 872 849 948 ὁόὖν
870 882 947 948 solo
971 904 1015 947 ex
1039 903 1146 948 sensu
1168 882 1265 969 posci
1288 919 1333 932 -
1349 891 1443 965 est0;

266 1009 331 1053 nos
354 996 473 1054 autem
504 987 654 1054 dicimus
681 988 752 1055 iam
781 988 826 1071 id,
854 987 948 1075 quod
971 987 1009 1053 in
1033 988 1152 1074 aliquo
1174 987 1264 1056 libro
1292 987 1445 1074 scriptor

266 1114 449 1181 nunquam
473 1093 525 1160 ita
548 1094 677 1176 scribit,
701 1105 743 1162 ut
764 1095 1021 1161 sententiarum
1039 1115 1194 1160 conexus
1216 1102 1347 1161 certam
1363 1114 1444 1180 par-

267 1199 412 1267 ticulam
436 1211 568 1286 poscat,
589 1211 840 1286 argumentum
858 1201 961 1267 nobis
985 1201 1160 1284 exhibere,
1184 1221 1255 1287 quo
1271 1200 1331 1267 ille
1350 1199 1442 1267 liber

267 1306 312 1372 ab
328 1306 399 1373 alio
414 1307 567 1394 quodam
585 1318 797 1391 secernatur,
820 1307 857 1374 in
873 1330 944 1394 quo
960 1307 1123 1395 plurimis
1138 1307 1224 1374 locis
1242 1328 1286 1373 ex
1302 1327 1444 1374 conexu

251 1431 253 1434 ·
268 1434 357 1499 opus
370 1413 417 1480 sit
429 1414 547 1501 aliqua
558 1415 742 1501 particula.
767 1414 861 1499 Quid
868 1415 1029 1499 seutiam,
1040 1415 1204 1501 exemplo
1214 1412 1440 1501 potissimum

267 1520 426 1587 ostendo.
456 1521 604 1589 Constat
620 1521 886 1608 antiquissimos
901 1522 1153 1607 logographoS,
1176 1520 1238 1607 qui
1259 1528 1445 1602 vocantury

266 1647 433 1708 numeros
445 1628 615 1694 orationis
626 1628 783 1694 nondum
794 1628 1010 1710 observasse,
1020 1628 1081 1694 sed
1092 1627 1235 1712 singula
1254 1626 1440 1694 enuntiata

267 1753 329 1818 per
344 1733 542 1818 parataxim
560 1733 709 1820 simplici
726 1733 783 1801 καί
805 1735 861 1800 vel
879 1733 916 1801 δέ
939 1734 1174 1815 coniunxisse,
1195 1733 1231 1798 id
1255 1733 1348 1818 quod
1366 1731 1440 1797 Ari·

268 1840 412 1904 stoteles
430 1840 534 1906 Rhet.
554 1843 607 1904 111
631 1840 652 1903 9
670 1849 820 1906 testatur
835 1837 1007 1930 εἰρομένην
1021 1839 1108 1920 λέξιν
1134 1839 1265 1906 dicens.
1313 1838 1447 1923 Finga-

269 1965 349 2011 mus
366 1945 507 2028 librum,
531 1946 590 2032 qui
606 1945 845 2033 antiquissimi
869 1946 964 2012 illius
981 1945 1150 2033 temporis
1166 1944 1335 2012 orationis
1351 1945 1449 2011 solu·

269 2060 326 2118 tae
343 2051 405 2129 sit;
427 2073 640 2140 quamquam
658 2053 911 2139 particularum
929 2053 1130 2119 coniunctio
1147 2042 1234 2120 doda
1249 2052 1445 2119 certissime

267 2158 305 2223 in
330 2180 477 2225 numero
501 2181 622 2225 earum
648 2170 711 2242 est,
734 2181 825 2246 quae
848 2160 1002 2226 maxime
1027 2182 1071 2225 ex
1095 2181 1232 2224 conexu
1249 2168 1449 2245 poscuntur

268 2301 312 2316 -
334 2264 370 2330 id
385 2267 584 2332 Hartmano
600 2266 676 2333 sine
693 2267 766 2333 ulla
781 2266 1003 2332 dubitatione
1020 2266 1305 2331 concedimus-
1322 2275 1446 2332 tamen

269 2372 305 2439 in
330 2374 420 2440 libro
445 2373 564 2460 aliquo
587 2373 683 2439 illius
700 2373 869 2459 temporis
884 2373 981 2439 illam
998 2395 1070 2438 non
1085 2372 1337 2455 inveniremus,
1361 2393 1446 2437 cum

269 2480 305 2546 in
330 2480 470 2567 scriptis
494 2480 610 2567 quarti
634 2479 766 2547 saeculi
783 2481 1059 2566 haudquaquam
1084 2501 1163 2546 rara
1180 2478 1236 2546 sit.
1284 2481 1359 2545 Nos
1374 2477 1445 2565 igi·-

271 2597 328 2655 tur
356 2588 463 2654 altius
488 2589 690 2653 Hartmano
717 2586 931 2672 inquirimus
959 2585 1231 2671 interrogantes,
1260 2594 1380 2651 utrum
1405 2585 1442 2649 in

271 2692 423 2779 singulis
446 2694 545 2759 libris
569 2714 684 2778 genus
707 2692 846 2758 dicendi
870 2693 920 2758 ita
936 2714 974 2758 se
997 2692 1135 2774 habeat,
1160 2703 1200 2757 ut
1216 2691 1320 2757 alicui
1338 2690 1450 2777 parti·-

271 2802 372 2866 culae
404 2821 490 2867 suus
518 2801 617 2866 locus
646 2800 694 2867 sit
721 2821 845 2876 necne;
880 2811 956 2864 tum
986 2807 1105 2865 autem
1135 2799 1275 2864 duobus
1303 2797 1446 2882 scriptis

270 2905 434 2989 inventis,
459 2928 548 2992 quae
564 2908 625 2972 illa
641 2929 678 2972 re
694 2906 882 2973 manifesto
897 2905 1076 2987 differunt,
1092 2904 1243 2970 dicimus
1259 2925 1301 2970 ea
1314 2925 1451 2990 genere

271 3013 410 3079 dicendi
435 3014 575 3080 diversa
598 3034 686 3080 esse.

377 3117 471 3185 Tum
501 3141 674 3204 negamus
702 3118 738 3184 id
767 3139 891 3185 verum
915 3139 1002 3202 esse,
1031 3119 1125 3204 quod
1150 3120 1371 3184 Hartmanus
1399 3117 1449 3184 de

272 3246 339 3292 usu
362 3226 615 3312 particularum
640 3224 898 3292 coniunctionis
922 3215 1009 3292 d’or'rv
1032 3225 1236 3308 affirmavit,
1259 3224 1357 3291 illam
1372 3245 1449 3290 una

165 3355 171 3368 ·
273 3342 367 3399 certa
392 3353 434 3398 ac
457 3331 604 3398 definita
628 3332 772 3398 notione
796 3331 1073 3418 aXeuophonte
1089 3331 1261 3418 usurpari.
1307 3331 1442 3418 Exped.

272 3439 350 3523 Cyr.
367 3441 404 3504 11
427 3437 458 3522 4,
482 3436 504 3505 6
524 3439 578 3507 vis
602 3439 855 3526 particularum
882 3439 1142 3507 coniunctionis
1165 3430 1255 3508 doda
1270 3439 1358 3507 haec
1374 3449 1443 3506 est:

272 3557 392 3612 utrum
433 3545 528 3612 aliud
566 3546 701 3613 flumen
739 3546 841 3613 nobis
874 3546 1209 3632 transgrediendum
1240 3547 1288 3613 sit
1320 3567 1452 3629 necne*

273 3653 390 3719 nescio
417 3691 462 3702 -
489 3663 683 3739 utcumque
711 3653 747 3718 id
779 3674 817 3719 se
844 3652 962 3736 habet,
990 3654 1058 3719 hoc
1086 3673 1198 3719 unum
1228 3662 1362 3717 certum
1392 3659 1446 3717 est

273 3758 481 3845 Euphraten
506 3809 513 3823 .
539 3807 547 3825 .
573 3781 600 3841 .;
628 3758 810 3844 significat
837 3759 950 3844 igitur
973 3749 1060 3825 δὀὖν
1083 3758 1176 3825 idem
1201 3758 1294 3845 quod
1313 3757 1442 3827 Latine

276 3864 451 3951 „utique“‚
474 3863 685 3930 Germanice
716 3863 951 3950 „jedenialls“.
1010 3865 1127 3947 Quam
1152 3864 1333 3932 notionem
1358 3855 1453 3931 ὁόὗν

273 3972 384 4038 altero
401 3991 541 4058 quoque
555 3972 643 4054 loco,
665 3991 770 4057 quem
789 3972 1010 4037 Hartmanus
1028 3970 1160 4054 attulit,
1185 3969 1249 4054 12,
1261 3967 1313 4055 25,
1329 3971 1445 4038 habet

274 4077 314 4146 Si
341 4099 427 4146 vero
450 4077 511 4143 ille
539 4076 626 4143 dicit
658 4098 736 4144 eam
759 4077 940 4143 notionem
974 4087 1197 4144 constantem
1226 4099 1303 4144 esse
1332 4098 1454 4164 neque

274 4184 526 4272 particularum
556 4184 841 4252 coniunctionem
870 4173 960 4250 δὀὗν
981 4182 1084 4251 aliter
1112 4184 1181 4250 nisi
1208 4183 1270 4250 illa
1301 4183 1446 4249 notione

274 4291 438 4378 usurpari
466 4329 509 4340 -
536 4291 604 4358 hoc
628 4299 783 4357 erratum
807 4300 870 4358 est.
919 4289 1014 4357 Hist.
1032 4290 1094 4357 Gr.
1110 4292 1141 4358 V
1157 4287 1187 4373 3,
1203 4286 1237 4356 8:
1270 4293 1343 4369 τοῖς
1357 4278 1455 4355 ὄόὗν·

274 4396 561 4483 Λακεδαιμονίοις
588 4449 596 4465 .
629 4449 637 4465 .
666 4449 675 4464 .
707 4395 815 4466 ἐδόκει
858 4386 897 4464 οὗ
929 4393 1058 4489 φαύλην
1095 4394 1275 4482 πεμπτέον
1312 4391 1456 4481 δύναμιν·
