3500 5052
779 386 1001 458 ..12-

298 600 377 684 tiat,
393 601 429 667 in
441 623 482 668 ea
495 621 685 688 quoquere
697 622 777 668 cum
792 601 1067 688 Dittenbergero
1080 603 1288 688 consentire,
1303 613 1478 690 quatenus

298 715 515 794 argumenta
539 729 584 772 ex
607 706 738 774 tabulis
761 708 969 796 deprompta
994 708 1067 776 vim
1088 710 1255 776 habeant.
1301 709 1410 777 Cuius
1425 711 1477 778 rei

299 814 753 900 hocargumentumaiiero,
766 814 972 900 quodetiam
982 815 1196 903 Roquettius
1209 815 1476 902 quaestionibus

298 921 375 990 suis
398 920 435 987 id
458 921 573 987 solum
598 919 808 987 confirmare
831 942 873 988 ac
895 921 1018 989 fulcire
1041 922 1077 987 in
1101 920 1221 988 animo
1241 922 1358 1005 habet,
1381 923 1476 1009 quod

298 1028 372 1095 iam
397 1037 504 1094 antea
526 1026 648 1093 multis
672 1026 751 1094 aliis
775 1027 890 1094 causis
906 1029 1068 1115 plurimis
1089 1028 1175 1096 viris
1190 1028 1303 1095 doctis
1318 1049 1476 1115 compro·

298 1135 425 1202 batum
449 1143 533 1201 erat.

409 1240 623 1307 Mommseni
647 1240 931 1307 observationem
954 1241 999 1307 de
1022 1241 1343 1330 praepositionibus
1365 1239 1424 1327 σύν
1438 1250 1475 1307 et
1521 1267 1524 1272 ·

298 1345 387 1433 μετά
410 1347 541 1412 iactam
564 1355 659 1412 recte
683 1366 721 1412 se
751 1345 883 1412 habere
905 1348 1025 1434 pergit
1049 1351 1284 1433 Hartmanus,
1309 1371 1354 1415 ex
1377 1370 1418 1414 ea
1438 1351 1476 1414 r'e

301 1453 398 1542 quod
427 1451 578 1538 scriptor
606 1451 723 1538 quivis
751 1453 822 1519 duo
850 1454 959 1520 verba
982 1455 1087 1542 plane
1114 1456 1207 1521 idem
1237 1453 1479 1541 significantia

300 1560 489 1627 evidenter
516 1557 642 1645 impari
671 1558 809 1625 ratione
832 1570 988 1647 usurpet,
1016 1571 1230 1646 argumenta
1257 1561 1295 1628 in
1320 1571 1479 1648 tempora

304 1666 475 1733 librorum
492 1664 694 1732 delinienda
710 1664 788 1732 iure
803 1666 966 1735 derivari.
1014 1669 1144 1736 Contra
1159 1668 1196 1734 in
1213 1689 1361 1735 numero
1373 1666 1480 1754 parti·

302 1773 465 1841 cularum
489 1793 561 1838 non
578 1793 664 1855 esse,
688 1793 778 1858 quae
797 1773 833 1840 in
851 1774 994 1844 notione
1011 1775 1103 1842 aevi
1120 1775 1265 1842 omniuo
1282 1774 1479 1856 concinant,

303 1901 421 1967 neque
456 1878 622 1966 cuiquam
659 1879 765 1947 licere
799 1881 878 1948 illas
912 1881 1062 1950 orationi
1099 1882 1261 1964 inserere,
1297 1891 1337 1948 ut
1372 1881 1479 1948 verba

303 1983 429 2076 πατήρ,
453 1982 567 2076 μήτηρ,
594 1983 723 2052 τύπτω.
773 1986 868 2054 Dicit
891 1988 1003 2074 igitur
1028 1991 1250 2055 Hartmanus
1273 1988 1310 2052 in
1335 1987 1480 2078 arbitrio

302 2115 347 2160 ac
371 2094 555 2160 voluntate
570 2092 750 2179 scriptoris
774 2116 844 2160 nou
861 2095 1016 2182 positum
1034 2117 1119 2178 esse,
1143 2115 1249 2180 quam
1268 2092 1479 2180 particulam

306 2220 477 2288 usurpare
505 2208 541 2266 et
569 2199 711 2286 quando
741 2210 777 2268 et
804 2200 864 2268 ubi
896 2223 1067 2288 usurpare
1093 2202 1208 2283 vellet,
1235 2199 1297 2266 sed
1328 2198 1480 2284 singulis

303 2305 475 2373 orationis
497 2305 583 2371 lo'cis
607 2328 670 2391 pro
694 2304 831 2373 conexu
847 2308 1104 2374 sententiarum
1122 2316 1253 2373 certam
1270 2303 1479 2392 particulam

307 2410 544 2478 adhibendam
569 2433 654 2494 esse,
678 2432 785 2498 quam
811 2412 971 2498 scriptori
996 2434 1068 2478 non
1092 2411 1209 2497 magis
1226 2411 1360 2478 evitare
1375 2408 1481 2475 liceat

305 2539 413 2605 quam
438 2517 546 2584 verba
569 2515 692 2606 πατήρ,
717 2515 836 2608 μήτηρ.
866 2519 946 2602 Qua
962 2540 1060 2586 exre
1077 2517 1214 2604 colligit
1230 2539 1274 2584 ex
1290 2537 1357 2583 usu
1374 2515 1480 2603 parti·

308 2623 466 2690 cularum
502 2624 724 2690 observando
758 2624 903 2692 omuino
936 2625 1026 2692 nihil
1067 2624 1262 2712 comparari
1297 2644 1399 2712 posse
1434 2621 1479 2688 ad

306 2730 551 2820 quaestionem
576 2731 746 2818 temporis
769 2731 975 2800 solvendam
1000 2754 1042 2800 ac
1064 2731 1338 2799 diiudicandam.

414 2838 474 2908 Sic
496 2838 649 2926 primum
674 2839 777 2906 affert
799 2839 1053 2927 particularum
1077 2838 1362 2906 coniunctionem
1379 2827 1479 2918 ὁόὖν,

305 2945 408 3013 cuius
443 2967 549 3012 usum
585 2967 629 3012 ex
659 2945 855 3014 certissimo
882 2947 1138 3014 sententiarum
1167 2966 1305 3012 conexu
1334 2953 1479 3029 totoque

306 3073 414 3121 sensu
442 3052 539 3139 posci
567 3075 681 3140 neque
711 3077 755 3121 ex
785 3054 971 3124 voluntate
999 3051 1178 3139 scriptoris
1206 3051 1360 3138 pendere
1383 3049 1480 3116 dicit.

307 3159 414 3245 Quod
437 3168 478 3227 ut
506 3162 678 3247 ostendat,
706 3170 845 3249 praeter
871 3162 967 3228 locos
990 3159 1161 3246 quosdam
1187 3157 1344 3226 Platonis
1367 3155 1480 3242 (Apol.

306 3266 502 3352 exordium,
531 3269 667 3340 Laches
698 3266 761 3334 184
777 3269 823 3356 A)
850 3267 915 3334 hos
950 3266 1196 3353 Expeditionis
1231 3267 1327 3332 locos
1361 3263 1481 3330 aliert:

308 3377 326 3442 I
350 3372 380 3458 2,
400 3371 459 3443 25:
495 3372 526 3443 oi
549 3375 610 3462 μὲν
631 3374 759 3466 ἔφασαν
782 3366 994 3462 ἁρπάζοντάς
1016 3399 1048 3440 τι
1070 3378 1301 3461 κατακοπῆναι
1322 3361 1392 3439 ὑπὸ
1415 3373 1482 3436 τῶν

309 3480 468 3566 Κιλίκων,
491 3479 523 3550 οἱ
547 3483 583 3552 δέ
600 3535 607 3550 .
625 3533 633 3551 .
651 3534 659 3550 .
677 3536 684 3551 .
709 3481 944 3567 πλανωμένους
958 3472 1156 3548 ἀπολέσθαι
1171 3471 1271 3568 ’ἦσαν
1286 3469 1376 3546 δὀέν
1391 3464 1481 3544 οὗτοι

306 3583 425 3658 ἑκατὸν
449 3581 589 3658 ὁπλῖται
612 3600 648 3658 et
663 3593 698 3656 11
723 3587 752 3673 4,
765 3586 798 3656 6:
822 3583 978 3673 ποταμὸς
1000 3578 1063 3655 d’ai
1078 3585 1139 3672 μέν
1160 3613 1211 3666 τις
1225 3585 1282 3653 καὶ
1298 3573 1399 3664 ι’έλλος
1415 3571 1480 3669 dou

307 3688 388 3788 ἡμῖν
411 3697 482 3766 έστι
504 3697 682 3784 διαβατέος
709 3686 768 3764 oria
795 3690 891 3763 οἶδα·
906 3690 964 3762 τόν
991 3685 1080 3762 ὀόὖν
1108 3684 1284 3785 Εὐφράτην
1310 3688 1404 3777 ἴσμεν
1431 3682 1483 3757 ὅτι

308 3794 471 3874 ἀδύνατον
494 3807 648 3895 διαβῆναι
665 3858 672 3874 .
688 3856 696 3871 .
714 3855 721 3872 .
768 3804 825 3873 Ex
840 3803 897 3869 his
912 3802 1051 3869 duobus
1066 3801 1152 3868 locis
1170 3803 1391 3867 Hartmanus
1406 3797 1484 3864 iure

310 3912 476 3999 colligere
499 3912 567 3980 sibi
589 3911 733 3980 videtur
755 3910 1008 3998 particularum
1033 3930 1138 3976 usum
1162 3929 1269 3975 sensu
1294 3915 1330 3973 et
1345 3925 1483 3972 conexu

309 4019 466 4105 flagitari
495 4040 609 4106 neque
644 4040 689 4085 ex
721 4018 906 4085 voluntate
941 4015 1120 4102 scriptoris
1153 4015 1318 4102 pendere.
1365 4013 1483 4096 Quam

308 4126 523 4194 senteutiam
547 4126 619 4192 iam
643 4125 896 4192 examinemus.

418 4232 574 4300 Primum
604 4234 826 4298 Hartmanus
855 4229 1016 4316 neglexit
1042 4228 1188 4295 minime
1214 4248 1302 4294 casu
1327 4225 1413 4307 lieri,
1443 4234 1483 4291 ut

308 4339 347 4406 in
371 4340 489 4428 aliquo
513 4338 686 4407 scribendi
712 4359 842 4424 genere
866 4346 960 4404 certa
984 4335 1102 4423 aliqua
1125 4334 1306 4423 particula,
1331 4331 1388 4400 cui
1412 4353 1487 4398 una
