3500 5052
824 393 1047 462 ..24-

353 612 464 678 semel
479 621 586 699 atque
601 610 730 678 iterum
746 610 882 698 perlegi
899 621 936 678 et
949 610 1202 698 pervestigavi,
1217 609 1373 698 primum
1386 609 1530 698 quidem

354 717 392 783 iu
416 728 530 785 certas
552 741 595 785 ae
617 717 783 785 delinitas
814 739 920 786 voces
943 717 1113 800 intentus,
1140 717 1268 784 deinde
1291 727 1421 800 autem,
1449 738 1529 784 cum

353 825 410 892 lon
417 825 498 911 gius
521 825 780 912 processissem,
804 847 846 891 eo
861 825 1046 908 adductuS,
1070 836 1113 892 ut
1138 845 1347 910 persuasum
1363 823 1530 891 haberem

357 941 472 999 totum
497 953 601 999 usum
625 953 753 999 vocum
777 931 827 999 rei
852 931 1025 1015 militaris,
1054 952 1160 1018 quem
1184 930 1334 1017 scriptor
1355 930 1394 996 in
1416 930 1532 1017 prima

357 1038 473 1126 operis
488 1049 590 1125 parte
606 1037 775 1125 sequitur,
798 1038 1018 1124 singularem
1036 1059 1077 1104 ac
1096 1057 1240 1124 prorsus
1256 1037 1437 1104 diversum
1454 1059 1531 1105 esse

356 1146 401 1212 ab
425 1166 493 1212 usu
516 1145 752 1232 posteriorum
776 1144 958 1211 librorum.

461 1252 564 1336 Quod
583 1272 663 1317 cum
687 1251 738 1318 ita
762 1273 800 1317 se
815 1250 972 1336 haberet,
995 1250 1031 1318 id
1055 1249 1224 1337 spectavi,
1247 1259 1289 1317 ut
1307 1249 1387 1317 aliis
1413 1252 1530 1317 Xeno·

355 1358 501 1446 phontis
529 1357 628 1423 libris
661 1356 700 1423 iu
728 1357 1030 1445 comparationem
1058 1357 1228 1425 vocandis
1257 1378 1363 1423 usum
1390 1356 1531 1424 dicendi

356 1465 506 1531 duarum
536 1464 692 1552 priorum
722 1463 904 1532 Historiae
933 1463 1090 1531 Graecae
1117 1464 1272 1552 partium
1300 1464 1530 1532 illustrarem:

361 1592 444 1637 uam
469 1592 540 1659 quo
563 1571 731 1638 maiorem
757 1571 942 1638 materiam
967 1570 1216 1639 conferendam
1233 1570 1465 1654 arcessiveris,
1489 1592 1531 1637 eo

357 1679 487 1746 certius
511 1701 552 1746 ac
575 1677 694 1746 verius
718 1677 803 1766 quid
827 1678 864 1744 in
881 1678 1102 1747 aestimando
1125 1699 1289 1745 sermone
1303 1698 1532 1744 numerorum

356 1786 510 1852 rationes
534 1786 687 1862 valeant,
711 1807 913 1873 cognosces.
961 1786 1051 1853 Cum
1082 1786 1193 1853 altera
1220 1794 1322 1872 parte
1351 1784 1532 1851 Historiae

355 1892 513 1960 Graecae
541 1914 630 1980 quos
657 1891 765 1959 libros
794 1914 1044 1979 compararem,
1077 1913 1150 1958 uon
1177 1891 1368 1959 haesitavi:
1396 1890 1465 1978 ipsi
1493 1911 1531 1957 se

356 1998 527 2085 praebent
555 1999 634 2066 libri
664 2008 699 2066 et
722 1999 962 2066 Institutionis
987 2008 1022 2065 et
1046 1997 1294 2085 Expeditionis
1318 1997 1409 2083 Cyri,
1442 2017 1531 2085 quos

355 2105 499 2192 plurimi
523 2106 590 2174 viri
607 2106 702 2176 docti
718 2106 912 2194 posteriore
932 2104 1184 2192 Xenophontis
1201 2113 1327 2189 aetate,
1350 2113 1444 2171 certe
1460 2125 1531 2172 nou

355 2221 439 2280 ante
474 2235 609 2280 annum
644 2210 724 2298 387,
763 2212 1058 2299 Ditteubergerus
1099 2211 1266 2279 subtilius
1301 2212 1424 2278 eodem
1460 2212 1531 2278 lere

355 2331 514 2408 tempore
538 2340 609 2407 quo
626 2319 807 2386 Historiae
823 2320 885 2387 Gr.
902 2329 1039 2406 partem
1056 2319 1204 2387 alteram
1221 2317 1438 2404 conscriptos
1454 2339 1532 2384 esse

355 2437 485 2494 censet.
497 2432 520 2508 ¹)
566 2427 670 2510 Quod
695 2427 824 2493 attinet
847 2427 891 2492 ad
916 2426 1067 2514 priorem
1096 2433 1234 2512 partem
1260 2423 1442 2491 Historiae
1459 2425 1531 2510 Gr,

356 2535 453 2602 haud
476 2533 514 2600 iu
537 2554 650 2621 aequa
667 2533 872 2604 condicione
887 2554 1086 2611 versamur;
1111 2554 1194 2600 nam
1219 2553 1290 2599 non
1312 2540 1430 2600 exstat
1443 2531 1532 2598 liber

355 2642 647 2729 Xenophonteus,
671 2641 733 2731 qui
757 2652 793 2711 et
815 2650 1029 2729 argumento
1057 2650 1094 2708 et
1120 2649 1279 2728 tempore
1307 2660 1388 2706 cum
1416 2638 1532 2725 priore

357 2748 539 2816 Historiae
564 2750 626 2818 Gr.
649 2759 751 2838 parte
774 2752 1147 2838 aptecompareturss)
1194 2746 1299 2832 Quod
1315 2766 1396 2814 cum
1419 2746 1471 2814 ita
1493 2767 1532 2812 se

356 2856 497 2941 habeat,
525 2856 745 2924 inanimum
772 2856 980 2926 induximus
1009 2876 1101 2942 opus
1124 2853 1408 2940 Thucydideum,
1437 2852 1532 2940 quod

358 2973 515 3052 tempore
545 2964 687 3052 quidem
716 2964 850 3051 optime
884 2963 992 3051 priori
1021 2961 1203 3029 Historiae
1227 2962 1288 3029 Gr.
1323 2960 1417 3048 parti
1453 2981 1532 3026 con·

357 3071 466 3154 venit,
483 3072 760 3159 comparandum
777 3093 962 3140 arcessere.
1009 3070 1147 3156 Quodsi
1169 3069 1206 3136 in
1222 3068 1428 3137 universum
1445 3067 1532 3134 satis

359 3199 488 3267 anceps
512 3178 820 3265 periculosumque
845 3189 949 3261 esset,
977 3199 1176 3246 sermonem
1200 3173 1422 3261 Thucydidis
1450 3196 1530 3242 cum

357 3286 628 3370 Xenophonteo,
653 3283 864 3372 scriptorum
888 3283 1054 3352 videlicet
1069 3293 1111 3351 ut
1125 3281 1272 3370 ingenio
1289 3282 1340 3349 ita
1356 3280 1533 3348 scribendi

359 3390 496 3458 ratione
520 3390 674 3458 interae
698 3391 785 3459 satis
809 3390 1039 3475 diversorum,
1066 3411 1284 3477 componere,
1313 3398 1433 3457 tamen
1462 3387 1531 3454 hoc

358 3498 437 3563 loco
461 3496 505 3563 de
534 3518 576 3563 eo
599 3497 854 3565 vocabulorum
884 3518 1014 3584 genere
1043 3498 1171 3586 agitur,
1199 3496 1301 3565 cuius
1337 3516 1423 3562 usus
1458 3515 1531 3560 nou

468 3735 488 3812 ¹)
512 3735 560 3794 De
577 3735 765 3811 temporibus
777 3734 974 3793 Institutionis
987 3741 1018 3792 et
1029 3733 1236 3810 Expeditiouiu
1249 3735 1286 3794 cs.
1302 3735 1528 3806 Dittenberger,

358 3825 568 3884 HermesXVl
577 3823 788 3893 331.Richter,
800 3825 908 3887 huual.
915 3824 1062 3882 Fleckeis.
1074 3823 1305 3899 Supplem.XlX
1320 3821 1403 3885 1893
1416 3842 1446 3899 p.
1460 3817 1533 3881 150.

358 3914 510 3989 Roquette
533 3916 552 3971 l.
569 3932 594 3975 c.
609 3934 640 3991 p.
659 3912 716 3981 85;
741 3915 780 3972 de
804 3913 1011 3990 Expeditionis
1024 3920 1162 3988 tempore
1176 3911 1213 3970 cl'.
1225 3911 1281 3970 Ed.
1289 3913 1403 3987 Meyer,
1418 3910 1533 3969 Gerch.

359 4003 388 4065 d.
406 4004 508 4064 Altert
524 4002 567 4060 III
583 4003 601 4078 ᾖ
620 4003 677 4064 161
699 4003 737 4062 Α.

466 4086 493 4175 ²)
516 4090 603 4150 Solus
626 4092 711 4160 liber,
745 4092 797 4168 qui
825 4092 941 4166 primae
966 4089 1181 4165 Xenophontis
1216 4089 1309 4148 aetati
1343 4089 1530 4154 attribuatur,

358 4180 567 4260 Cynegeticus,
592 4183 632 4239 ad
648 4180 858 4257 quaestionem
882 4187 1016 4238 nostram
1032 4179 1143 4235 inutilis
1160 4185 1214 4246 est,
1238 4196 1308 4236 cum
1323 4177 1396 4236 nibil
1419 4192 1533 4244 earum,

359 4288 434 4346 quas
454 4272 636 4347 quaerimus,
659 4287 769 4327 vocum
784 4269 942 4344 praebeat.
955 4268 1074 4325 Tamen
1090 4267 1206 4342 singula
1227 4268 1380 4343 quaedam
1403 4265 1535 4340 repperi,

359 4377 439 4435 quae
463 4359 539 4417 iufra
562 4376 617 4416 auo
640 4360 711 4416 loco
735 4357 856 4415 addam.
