3500 5052
805 337 1026 404 ,78-

331 559 461 624 moniis
480 557 728 643 longissimum
747 577 809 642 per
831 564 971 640 tempus
990 562 1170 620 contracta
1189 562 1405 620 commotum
1424 569 1513 634 esse,

334 675 374 730 nt
399 685 520 731 vocem
547 661 702 751 ναύαρχος
725 662 769 729 de
792 662 881 727 duce
906 659 1178 728 Atheniensium
1203 657 1396 727 adhiberet.

443 775 516 838 Iam
552 771 739 837 dicendum
774 779 827 835 est
858 769 902 835 de
928 791 1014 835 voce
1046 762 1222 858 ἁρμοστής,
1256 789 1349 856 quae
1380 771 1508 838 Dorica

333 891 396 946 est.
448 883 487 945 ln
517 883 547 943 A
577 876 666 946 nihil
695 886 757 957 est,
786 876 878 961 quod
909 875 1139 944 offensionem
1169 876 1351 962 praebeat:
1385 900 1509 959 omnes

335 980 506 1075 ἁρμοοταί,
536 983 732 1070 dequibus
757 981 905 1069 scriptor
928 982 1023 1066 dicit,
1046 982 1209 1048 homines
1234 984 1505 1054 Lacedaemonii

336 1104 429 1160 sunt.
471 1093 618 1158 *Contra
657 1091 692 1156 in
738 1093 765 1154 B
806 1090 905 1156 locus
937 1098 1067 1171 exstat,
1106 1111 1176 1176 qno
1222 1089 1370 1175 scriptor
1408 1090 1507 1157 illum

333 1222 437 1266 nsum
476 1199 657 1284 neglegat.
717 1199 809 1262 Nam
836 1198 887 1262 IV
903 1193 1141 1282 8,81egimus
1174 1183 1270 1276 αὗτὸς
1296 1197 1357 1280 (sc.
1376 1196 1513 1283 Κόνων)

333 1300 585 1382 δ’ἐπιοκεοιίσας
612 1298 650 1370 τὸ
672 1311 739 1368 τῶν
763 1302 941 1392 Κυθηρίων
967 1311 1070 1387 τεῖχος
1092 1301 1251 1393 ηρουρούς
1272 1329 1306 1369 τε
1330 1303 1385 1369 καὶ
1411 1303 1509 1370 Νικό-

336 1438 446 1502 ηνημον
469 1405 650 1499 Ἀθηναῖον
674 1400 841 1499 οίρμοοτην
863 1408 898 1474 ἐν
920 1418 989 1489 τοῖς
1005 1408 1175 1499 Κυθήροις
1190 1409 1359 1477 κατέλιπε.
1407 1411 1512 1494 Quae

336 1540 442 1604 snpra
472 1519 514 1582 ad
545 1538 666 1581 vocem
699 1512 857 1601 ναύαρχος
886 1516 1154 1603 disputavimus,
1179 1537 1249 1582 non
1274 1527 1328 1583 est
1351 1517 1508 1598 dubium,

336 1625 420 1712 quin
446 1625 552 1691 etiam
578 1625 612 1687 in
641 1645 761 1688 vocem
787 1613 953 1712 ἁρμοστής
968 1623 1108 1689 cadant.
1155 1621 1224 1691 Sed
1243 1623 1509 1689 contradixerit

336 1731 509 1818 quispiam
537 1731 689 1813 Cythera
718 1731 869 1795 insulam
896 1729 1108 1800 Laconicam
1135 1751 1220 1812 esse,
1244 1738 1280 1795 et
1304 1751 1426 1796 vocem
1452 1723 1510 1817 ἆρ-

334 1836 462 1926 μοστής
483 1839 544 1902 illo
567 1839 644 1904 loco
668 1859 708 1901 ea
733 1859 769 1901 re
794 1837 953 1902 excusari
978 1846 1013 1902 et
1030 1836 1207 1922 explicari,
1231 1837 1323 1922 quod
1342 1845 1508 1922 putemus

337 1945 451 2012 virum
478 1943 731 2010 Atheniensem
761 1943 797 2008 in
826 1942 956 2030 oppido
985 1943 1160 2014 Laconico
1189 1943 1350 2009 relictum
1378 1943 1508 2009 idcirco

335 2073 422 2117 voce
452 2043 620 2137 ἁρμοστής
649 2051 865 2136 appellatum
895 2071 979 2130 esse,
1008 2050 1100 2136 quod
1132 2049 1192 2116 illa
1216 2050 1351 2116 incolae
1376 2052 1509 2116 assueti

333 2158 494 2224 luissent.
543 2156 647 2239 Esto,
671 2156 730 2222 sed
756 2155 858 2222 facile
873 2156 973 2222 illurn
990 2156 1106 2222 locum
1124 2156 1160 2221 in
1178 2156 1295 2221 medio
1310 2157 1513 2243 relinquere

335 2287 490 2350 possum,
520 2287 598 2330 cum
629 2263 687 2330 alii
713 2263 799 2330 satis
824 2264 926 2329 multi
952 2263 1039 2329 mihi
1064 2271 1281 2329 succurrant.
1328 2263 1507 2328 Nimirum
1538 2285 1543 2292 ·

335 2373 371 2436 in
398 2375 424 2434 B
454 2373 512 2436 ille
541 2373 636 2436 solus
664 2373 762 2435 locus
786 2381 848 2452 est,
877 2391 947 2455 quo
972 2362 1141 2457 ἁρμοστής
1164 2369 1206 2435 ad
1233 2369 1337 2435 aliam
1364 2381 1507 2454 gentem

338 2499 378 2542 ac
404 2476 702 2546 Lacedaemonios
727 2477 906 2557 referatur,
929 2475 990 2540 sed
1014 2497 1059 2541 ex
1083 2476 1187 2542 tertia
1209 2484 1310 2562 parte
1328 2477 1509 2543 Historiae

337 2584 495 2650 Graecae
528 2584 592 2648 hos
626 2583 743 2648 allero.
796 2583 865 2648 Vll
896 2581 925 2663 1,
953 2579 1010 2648 43:
1046 2580 1137 2662 ἔδοξε
1177 2581 1337 2672 Θηβαίοις
1374 2583 1509 2672 πέμψαι

337 2683 508 2775 ἁρμοστὰς
539 2688 585 2767 είς
619 2684 678 2768 τὰς
711 2683 864 2774 Ἀχαΐδας
896 2687 1023 2768 πόλεις.
1070 2689 1138 2756 VII
1169 2685 1198 2770 3,
1227 2686 1259 2754 4:
1297 2689 1445 2779 Θηβαίου
1471 2692 1508 2757 δὲ

337 2789 502 2881 ἁρμοστοῦ
530 2783 601 2882 Ιτὴν
641 2787 827 2878 ἀκρόπολιν
866 2785 1004 2878 ἐ’χοντος.
1050 2797 1118 2862 VII
1148 2792 1177 2876 3,
1206 2793 1241 2861 9:
1281 2795 1410 2862 ἐναντία
1450 2799 1511 2881 μὲν

337 2901 436 2968 illeso
481 2900 518 2966 cri
564 2895 654 2968 ίίπλα
698 2909 743 2989 rui
788 2893 871 2986 παρ’
914 2894 1003 2987 ἱμῶν
1046 2909 1105 2982 (se.
1146 2903 1314 2991 Θηβαίων)
1348 2895 1508 2993 ἁρμοστῇ.

339 3012 518 3076 Postremo
556 3032 599 3073 ex
629 3010 709 3093 Cyri
740 3009 976 3094 Expeditione
1007 3011 1037 3074 V
1067 3008 1095 3090 5,
1124 3005 1182 3076 19:
1218 3000 1359 3098 ᾐτιῶντο
1387 3012 1424 3078 dd
1454 3006 1511 3076 τὸν

337 3107 419 3200 παρ’
456 3108 543 3200 ὑμῶν
576 3116 663 3198 (scil.
697 3115 888 3202 Σινωπέων)
925 3107 1091 3203 ἁρμοστὴν
1126 3113 1248 3182 τούτων
1282 3113 1384 3184 αἴτιον
1418 3112 1508 3184 εἶναι.

338 3223 405 3287 His
422 3225 506 3290 locis
523 3223 566 3302 id,
584 3223 677 3307 quod
695 3222 858 3304 diximus,
876 3222 1096 3287 manifestius
1114 3223 1384 3304 demonstratur,
1401 3245 1507 3308 quarn

337 3339 377 3393 ut
401 3349 511 3393 unum
538 3327 684 3393 verbum
709 3327 789 3393 addi
815 3350 904 3413 opus
928 3329 983 3395 sit.

444 3432 512 3499 Sed
542 3454 636 3497 unus
664 3433 762 3498 locus
791 3433 825 3497 in
857 3442 955 3518 parte
982 3437 1007 3497 B
1032 3443 1157 3518 exstat,
1187 3435 1246 3521 qui
1273 3434 1341 3501 alia
1366 3437 1507 3522 quidem

337 3539 474 3606 ratione
499 3539 730 3626 gravissimus
755 3561 831 3606 esse
855 3539 1003 3607 videtur.
1051 3542 1144 3606 Nam
1171 3544 1221 3610 IV
1243 3538 1275 3626 8,
1290 3539 1333 3608 39
1353 3543 1508 3628 legimus

337 3667 400 3732 pro
433 3647 543 3713 forma
578 3646 708 3713 usitata
725 3638 913 3732 ’ἁρμοστῶν
941 3649 1087 3714 formam
1119 3639 1350 3736 ἁρμοστήρων.
1401 3650 1507 3732 Quod

340 3753 467 3820 attinet
508 3753 605 3819 verbi
655 3751 788 3820 exitum
831 3751 915 3844 -τήρ,
952 3760 1074 3841 -τῆρος,
1110 3776 1173 3842 pro
1212 3755 1416 3822 nominibus
1456 3779 1522 3821 ac--·

339 3857 423 3925 toris
463 3860 497 3924 in
538 3857 623 3949 -τηρ,
662 3867 777 3950 -οῆρος
813 3861 1024 3928 exeuntibus
1064 3862 1237 3947 imprimis
1273 3862 1308 3927 in
1348 3883 1508 3928 sermone

338 3963 459 4035 lonico
498 3977 534 4031 et
567 3966 684 4033 Attico
729 3963 872 4033 nomina
907 3969 944 4033 in
978 3966 1067 4057 της,
1104 3974 1178 4035 -τοῦ
1222 3970 1389 4034 exeuntia
1429 3969 1519 4036 sub--

338 4070 464 4138 stituta
480 4082 572 4155 sunt,
588 4093 678 4159 quae
695 4096 803 4160 perse
816 4098 836 4141 a
850 4075 993 4141 notione
1006 4075 1137 4160 agendi
1151 4077 1351 4143 abhorrent.
1378 4075 1507 4143 Contra

337 4199 452 4248 sermo
500 4178 650 4245 Doricus
697 4181 882 4248 verborum
931 4181 1065 4248 exitum
1116 4179 1200 4272 -τῄρ,
1243 4192 1355 4271 -τῆρος
1394 4183 1511 4248 multo

337 4286 477 4351 fidelius
498 4283 663 4363 servavit,
685 4287 776 4370 quod
794 4289 1043 4373 comprobatur
1067 4289 1213 4356 vocibus
1231 4288 1368 4356 Doricis
1385 4292 1511 4376 quales
