3500 5052
839 474 1062 543 „38-

473 691 633 777 „Foedus
660 691 770 758 inire⁴¹
801 691 838 757 in
868 693 899 757 A
928 689 1058 756 dicitur
1080 690 1234 777 (praeter
1262 688 1476 757 σπένδεσθαι
1504 699 1542 756 et

364 798 597 886 consiliandos)
626 787 794 889 συνθήκας
823 803 1019 880 ποιεῖσθαι,
1048 789 1161 885 ὅρκους
1189 798 1301 863 δοῖναι
1328 796 1384 862 καὶ
1415 798 1538 882 λαβεῖν,

364 905 496 986 πίστεις
524 910 716 972 ποιεῖσθαι.
764 907 820 970 Ne
843 924 916 970 una
939 903 1083 990 quidem
1109 925 1154 969 ex
1178 902 1235 969 his
1260 902 1420 970 formulis
1449 903 1486 969 iu
1511 906 1539 970 B

364 1012 557 1096 invenitur,
593 1033 743 1099 quarum
776 1011 813 1077 in
846 1011 923 1077 loco
952 1018 1038 1076 sunt
1065 1002 1179 1091 δεξιάς
1202 1011 1315 1076 ὄοῖναι
1340 1009 1395 1076 καῖ
1420 1012 1541 1095 λαβεῖν,

364 1113 475 1187 πιστά
500 1121 615 1186 δοῦναι
639 1119 697 1185 καὶ
720 1121 834 1203 λαβεῖν
859 1117 933 1200 (biS,
969 1117 1119 1183 alterum
1144 1109 1252 1183 πιστά
1276 1115 1375 1184 δόντα
1399 1117 1538 1202 λαβεῖν).

363 1225 585 1293 Vocabulum
615 1226 764 1292 σπονδαί
789 1245 870 1290 cum
900 1222 1020 1309 aliquo
1049 1223 1157 1290 verbo
1181 1222 1420 1307 coniunctum,
1444 1223 1539 1308 quod

366 1332 404 1396 in
422 1333 448 1397 B
473 1353 580 1418 saepe
604 1331 746 1416 legitur,
770 1330 807 1395 in
823 1333 854 1395 A
872 1352 917 1397 ne
935 1332 1043 1396 semel
1060 1329 1201 1416 quidem
1219 1315 1409 1397 invenitur.
1456 1329 1542 1414 Qui-

365 1438 432 1504 bus
456 1437 560 1504 rebus
577 1438 671 1503 nude
688 1436 858 1525 expositis
874 1436 1160 1503 manifestissime
1176 1457 1317 1503 cernere
1336 1436 1419 1504 licet
1435 1457 1542 1504 usum

365 1543 504 1610 dicendi
517 1552 699 1631 totamque
710 1543 1003 1610 consuetudinem
1018 1544 1204 1610 verborum
1218 1543 1255 1608 in
1266 1545 1298 1608 A
1310 1544 1415 1630 plane
1428 1544 1543 1610 diver·

366 1672 441 1717 sam
459 1672 535 1717 esse
552 1661 684 1738 aparte
698 1653 737 1718 B.
765 1648 926 1717 Tabulae
943 1650 1072 1716 docent
1088 1671 1192 1716 usum
1210 1648 1349 1715 dicendi
1366 1649 1542 1716 Instituti-

366 1757 452 1841 onis,
469 1757 644 1844 imprimis
658 1766 777 1824 autem
789 1757 1037 1844 Expeditionis
1051 1758 1202 1823 eundem
1215 1779 1292 1822 esse
1303 1765 1409 1844 atque
1421 1757 1458 1823 in
1469 1759 1504 1824 B.
1515 1757 1542 1842 ¹)

750 1918 810 1984 VI.
834 1918 952 1985 Verba
977 1916 1149 1983 vastandi.

475 2045 529 2108 De
546 2042 669 2108 eadem
687 2064 734 2126 re,
751 2063 821 2128 qua
838 2042 959 2108 tabula
975 2041 1164 2127 superiore,
1179 2041 1215 2107 in
1232 2040 1394 2128 proxima
1410 2041 1540 2128 agitur,

365 2171 471 2237 quam
496 2149 640 2216 exhibet
662 2171 696 2236 p.
714 2145 764 2215 39.
804 2149 976 2217 Videmus
1001 2156 1188 2234 utramque
1204 2156 1341 2236 partem
1358 2148 1539 2215 Historiae

364 2257 425 2324 Gr.
451 2277 518 2324 usu
543 2256 732 2323 verborum
756 2254 921 2322 vastandi
946 2255 1224 2321 diversissimam
1251 2276 1342 2321 esse:
1371 2264 1540 2342 quattuor

364 2364 617 2450 exemplorum,
650 2361 801 2448 quaein
825 2364 856 2426 A
880 2362 1060 2446 leguntur,
1096 2361 1166 2428 duo
1190 2371 1274 2427 sunt
1302 2361 1399 2428 verbi
1431 2364 1537 2452 δῃοῦν,

365 2469 491 2535 deinde
515 2468 659 2552 singula
683 2467 871 2534 verborum
897 2473 1006 2546 κακῶς
1021 2472 1138 2535 ποιεῖν
1161 2476 1196 2534 et
1220 2473 1377 2556 πορθεῖν.
1403 2469 1538 2538 Eorum

366 2574 554 2641 verborum
572 2574 686 2640 solum
704 2576 801 2663 δῃοῦν
816 2574 852 2639 in
867 2577 894 2639 B
910 2573 1050 2672 legitur,
1070 2585 1144 2641 tum
1157 2584 1276 2641 autem
1289 2575 1442 2661 plurima
1455 2575 1541 2641 alia:

297 2759 304 2772 Ι
365 2685 562 2768 κακουργεῖν,
584 2668 679 2768 άγειν
703 2679 758 2747 καὶ
782 2679 902 2771 φέρειν,
927 2687 1056 2765 κακοῖν,
1079 2687 1187 2761 κακῶς
1205 2680 1349 2766 πάσχειν
1372 2681 1541 2768 (passive)

364 2788 493 2873 τέμνειν
516 2787 572 2853 καὶ
594 2784 697 2870 κάειν,
722 2776 812 2876 dycta
833 2789 890 2855 καὶ
906 2786 1007 2872 κάειν,
1031 2786 1171 2856 κάπτειν
1194 2788 1249 2856 καὶ
1275 2785 1373 2870 κάειν,
1398 2780 1541 2855 κόπτειν

365 2895 515 2960 verbum
539 2895 699 2981 simplex,
722 2893 816 2962 κάειν
831 2895 887 2962 καὶ
907 2899 1069 2981 πορθεῖν;
1094 2895 1248 2963 intanto
1264 2917 1410 2962 numero
1427 2896 1540 2962 diver-

368 3001 587 3068 sissimarum
612 3024 739 3069 vocum
757 3004 851 3068 solas
867 3002 945 3068 illas
962 3003 1060 3086 duas,
1084 3003 1227 3088 quaein
1245 3007 1272 3068 A
1288 3014 1428 3090 praeter
1444 3005 1543 3092 δῃοῦν

367 3109 588 3192 adhibentur,
599 3131 669 3175 non
682 3109 843 3192 inveniri,
855 3108 891 3174 id
902 3110 1006 3176 valde
1017 3109 1245 3176 memorabile
1258 3131 1335 3175 esse
1348 3109 1432 3174 mihi
1445 3110 1542 3176 vide·

366 3226 433 3283 tur.
465 3219 507 3281 ln
524 3216 650 3282 ceteris
666 3215 804 3282 duobus
820 3215 1067 3303 Xenophontis
1084 3217 1181 3282 libris
1198 3237 1284 3282 usus
1301 3215 1439 3282 dicendi
1458 3239 1538 3283 cum

367 3322 606 3409 vocibusipsis
618 3333 692 3389 tum
705 3321 893 3388 verborum
904 3321 1075 3389 varietate
1088 3323 1167 3389 usui
1181 3322 1291 3410 partis
1303 3325 1330 3388 B
1341 3323 1465 3389 similis
1475 3333 1540 3391 est.

476 3465 502 3550 ¹)
525 3470 559 3526 In
592 3471 637 3526 his
673 3470 784 3527 tabulis
817 3470 1036 3544 componendis
1070 3488 1123 3528 eos
1158 3471 1275 3528 scilicet
1307 3473 1401 3539 locos,
1430 3471 1543 3546 quibus

365 3560 438 3617 nihil
461 3559 517 3616 nisi
541 3577 602 3614 una
625 3576 682 3616 vox
704 3561 751 3615 vel
775 3577 868 3615 unum
890 3560 1016 3616 verbum
1031 3559 1167 3634 usurpari
1187 3560 1294 3634 potuit,
1318 3559 1414 3617 omisi.
1461 3560 1539 3616 Tum

364 3650 525 3707 verborum
550 3640 696 3710 σπονδαί
719 3655 750 3704 et
774 3647 937 3731 συνθῆκαι
961 3665 998 3705 εει
1022 3655 1138 3705 tanturn
1162 3649 1302 3723 exempla
1325 3649 1438 3723 recepi,
1462 3666 1537 3724 quo-

364 3756 431 3795 rum
460 3739 528 3796 loco
559 3737 637 3794 aliae
664 3755 755 3794 voces
780 3737 917 3794 adhiberi
940 3745 1111 3812 potuerunt,
1145 3739 1227 3794 velut
1251 3725 1403 3809 σπονδάς
1426 3737 1542 3798 ποιεῖ-

366 3829 507 3887 σθαι-
526 3821 745 3889 σπένδεσθαι.
793 3826 934 3901 Denique
959 3827 989 3882 in
1004 3827 1104 3883 verbis
1120 3826 1327 3901 Expeditionis
1352 3843 1540 3900 componen-

365 3915 420 3980 dis,
437 3931 505 3970 curn
516 3916 613 3972 minus
629 3917 667 3974 de
684 3915 855 3992 frequentia
866 3916 1051 3989 singulorum
1063 3917 1223 3972 verborum
1236 3933 1328 3990 quam
1341 3915 1379 3970 de
1391 3915 1541 3972 varietate

363 4021 473 4060 vocum
497 4012 643 4080 ageretur,
669 4006 740 4063 satis
765 4005 858 4061 habui
881 4004 1040 4079 inquirere,
1064 4023 1143 4080 quae
1158 4005 1251 4060 verba
1267 4003 1439 4078 Xenophon
1456 4022 1539 4062 usur-

363 4093 488 4167 paverit,
513 4100 544 4151 et
567 4095 655 4152 omisi
671 4097 756 4152 locos
773 4111 879 4152 omnes
904 4111 1091 4150 enumerare.
1116 4127 1157 4134 —
1182 4092 1260 4150 Cum
1283 4112 1354 4151 usus
1377 4094 1539 4150 verborum

364 4181 495 4240 foederis
523 4183 664 4252 faciendi,
692 4188 799 4258 utpote
829 4200 956 4257 quorum
980 4188 1064 4262 tanta
1088 4183 1125 4240 sit
1147 4183 1285 4248 varietas.
1308 4182 1404 4258 magis
1428 4183 1468 4239 ab
1492 4200 1540 4238 ar-

363 4272 452 4330 bitrio
476 4273 563 4330 unius
587 4272 740 4346 scriptoris
764 4288 857 4347 quam
881 4290 899 4327 a
923 4272 1140 4328 consuetudine
1164 4273 1277 4347 vulgari
1301 4273 1444 4347 pendeat,
1467 4287 1543 4328 usus

362 4360 549 4436 Thucydidis
573 4359 702 4419 conferri
718 4361 837 4435 nequit;
861 4359 944 4417 idem
959 4361 1041 4416 valet
1055 4360 1085 4416 in
1103 4378 1140 4417 ea
1156 4362 1258 4428 verba,
1282 4379 1362 4437 quae
1379 4360 1539 4418 conterun-

363 4457 409 4507 tur
425 4449 536 4507 tabulis
552 4456 644 4517 sexta,
660 4450 800 4523 septima,
816 4467 906 4516 nona,
923 4447 1053 4517 decima,
1069 4448 1201 4524 denique
1218 4451 1247 4508 in
1259 4469 1352 4508 voces
1364 4451 1541 4525 singulares.

363 4557 442 4612 quae
471 4544 637 4596 tractantur
664 4557 693 4612 p.
710 4536 752 4598 66
776 4556 842 4613 sqq.
864 4553 865 4558 ¹
887 4537 994 4612 ltaque
1023 4556 1091 4595 eam
1116 4556 1181 4595 rem
1204 4558 1266 4597 non
1288 4541 1349 4597 iam
1373 4539 1543 4607 adnotabo,
