3500 5052
887 439 1110 508 ..20-

414 656 603 724 ticnlarum
627 677 695 724 usu
720 664 865 743 totoque
888 677 1019 743 genere
1045 655 1186 722 dicendi
1210 677 1425 744 comparare.
1471 657 1591 740 Quam

413 764 458 842 ad
493 786 568 830 rem
603 763 668 830 hos
702 763 799 830 locos
833 762 1079 851 proponimus:
1115 761 1211 830 Hist
1232 764 1334 830 Gal
1362 759 1427 847 6‚8
1455 785 1531 852 sqq.
1553 774 1590 830 et

412 872 465 940 VI
490 868 552 954 1,5
576 881 613 940 et
634 867 756 954 8-11,
782 891 933 957 quarum
962 870 1164 938 orationum
1192 869 1288 957 prior
1315 893 1337 937 a
1365 869 1588 938 Callicratide

414 979 460 1046 ad
478 976 646 1062 Milesios,
661 977 835 1065 posterior
849 977 895 1044 ab
912 980 1041 1044 Iasone
1056 977 1101 1044 ad
1113 976 1369 1062 Polydamanta
1381 976 1505 1044 habita
1520 987 1591 1044 est:

478 1137 722 1206 Callicratidas
744 1137 843 1204 dicit:
1151 1139 1257 1202 Iason
1286 1136 1388 1203 dicit:

458 1254 551 1348 Ἐμοί
572 1261 643 1349 μὲν,
668 1253 696 1328 ὦ
719 1258 892 1351 Μιλήσιοι,
993 1252 1076 1351 Ἐχώ
1088 1259 1158 1352 γάρ,
1171 1259 1244 1353 ἔφη,
1255 1259 1319 1347 ἔχω
1331 1261 1394 1348 μὲν
1406 1263 1594 1342 Θετταλίας

415 1360 540 1460 άνάγκη
563 1373 637 1448 τοῖς
658 1372 743 1436 οἴκοι
761 1355 896 1456 άρχουσι
948 1363 1010 1449 τάς
1020 1367 1185 1448 πλείστας
1197 1419 1221 1436 ..
1234 1366 1356 1450 πόλεις
1365 1366 1591 1456 συμμάχους..

414 1475 633 1545 πείθεσθαι·
673 1465 760 1560 ὑμᾶς
796 1467 894 1564 δ’ἐχώ
949 1475 1008 1541 καὶ
1032 1470 1100 1566 μὴν
1126 1468 1232 1543 οἶσθά
1255 1501 1292 1565 χε
1316 1467 1368 1544 ὅτι
1392 1474 1503 1556 ξένους
1525 1473 1589 1560 ἔχω

414 1573 498 1664 άξιῶ
514 1578 794 1672 προθυμοτάτους
809 1574 895 1650 εἶναι
948 1575 1182 1672 μισθοφόρους
1204 1579 1252 1662 είς
1274 1575 1323 1671 ,ς’,
1347 1574 1437 1662 οἷς..
1454 1573 1590 1669 οὐδεμία

414 1688 464 1772 εἰς
492 1683 550 1758 τδν
584 1687 736 1774 πόλεμον
762 1681 822 1757 διά
853 1682 894 1755 νδ
950 1688 1055 1769 πόλις
1064 1679 1237 1758 δύναιτ’ἂν
1248 1688 1371 1780 ῥᾳδίως
1381 1687 1592 1775 μάχεσθαι..

413 1796 582 1888 οἰκοῦντας
629 1796 665 1864 δν
712 1792 895 1885 βαρβάροις
949 1788 1035 1865 άλλά
1057 1790 1101 1865 τά
1115 1797 1177 1883 μὲν
1200 1797 1238 1864 ἐκ
1252 1802 1318 1864 τῶν
1333 1791 1470 1865 πόλεων
1491 1819 1590 1885 στρα-

413 1907 560 1973 πλεῖστα
602 1897 687 1972 κακά
723 1892 787 1994 ἤδη
831 1895 894 1971 ὑπ’
948 1901 1093 1991 τεάματα
1123 1899 1203 1984 τοδς
1228 1904 1290 1990 μὲν
1311 1901 1594 1993 προεληλυθότας

412 2002 521 2082 micola
559 2009 786 2080 πεπονθέναι.
844 2011 896 2078 δεῖ
949 1998 1013 2102 ἤδη
1025 2015 1100 2091 ταῖς
1113 2001 1260 2100 ἡλικίαις
1274 2008 1353 2095 ἔχει,
1367 2005 1445 2090 τοδς
1460 2003 1490 2078 δ’
1491 1997 1589 2078 οάπω

412 2110 530 2207 δ’ὖμᾶς
546 2119 738 2210 ἐξηγεῖσθαι
752 2123 824 2198 τοῖς
839 2106 894 2186 ll
950 2108 1166 2203 άκμάζυντας.
1211 2115 1429 2202 σωμασκοῦσί
1455 2143 1492 2208 χε
1523 2111 1593 2205 μην

412 2230 485 2308 λοις
510 2223 697 2312 συμμάχοις
724 2217 823 2306 ὅπως
853 2219 895 2292 dv
948 2221 1041 2311 μάλα
1057 2214 1442 2314 δλίχοιτινὲςένὲκάστη
1456 2221 1592 2292 πόλει..

412 2329 554 2418 τάχιστά
588 2356 624 2398 τε
656 2331 714 2398 καί
746 2328 895 2419 μάλιστα
950 2333 970 2416 §
1003 2328 1036 2398 8.
1075 2321 1193 2398 οὖκοῢν
1224 2337 1322 2398 τοῦτο
1357 2330 1420 2417 μὲν
1454 2319 1594 2419 εὔδηλον

412 2434 894 2528 βλάπτωμεντοδςπολεμίοος.
948 2427 1038 2526 ἡμῖν,
1062 2429 1115 2504 ὅτι
1133 2435 1313 2525 Φαρσάλου
1327 2436 1593 2528 προσγενομένης

413 2598 439 2616 ..
452 2598 459 2614 .
471 2551 580 2635 Κῦρος
591 2545 628 2614 δὲ
640 2541 802 2625 ἐλθόντος
814 2543 894 2629 ἐμοῦ
949 2545 1006 2612 καί
1020 2549 1087 2612 τῶν
1097 2545 1134 2624 ἐξ
1143 2534 1236 2631 ὖμῶν
1247 2535 1442 2635 ἠρτημένων
1454 2542 1592 2611 πόλεων

413 2642 574 2724 ἒντάδτίν
608 2642 660 2720 άεί
697 2642 895 2736 άνεβάλλετό
950 2641 1082 2719 εδπετιῖ
1084 2678 1101 2732 ς
1129 2645 1169 2719 δν
1199 2644 1264 2741 ἑχώ
1287 2645 1390 2741 ταχδς
1415 2652 1594 2720 Θετταλῶν

412 2785 472 2847 μοι
486 2760 713 2850 διαλεχθῆναι,
726 2752 792 2847 ἐγω
799 2749 894 2826 δ’ἐπί
950 2750 1114 2827 άπάντων
1125 2757 1342 2850 κατασταίην·
1360 2751 1406 2840 ὥς
1422 2783 1458 2849 χε
1472 2753 1538 2846 μὴν

412 2862 475 2947 τάς
497 2864 619 2934 ἐκείνου
645 2863 753 2956 θύρας
769 2871 895 2956 φοιτᾶν
949 2865 997 2948 είς
1008 2865 1046 2958 ,ς’
1058 2867 1121 2955 μὲν
1132 2864 1164 2934 οἱ
1178 2863 1590 2958 ίππείοντεςχίχνονται..

414 2964 474 3040 οίνκ
488 2969 650 3062 ἐδυνάμην
664 2966 804 3061 ἐμαυτὸν
818 2978 894 3042 πεῖ·
948 2969 1163 3066 πλατυτάτης
1205 3000 1242 3064 χε
1286 2969 1353 3064 μὴν
1386 2980 1446 3063 γῆς
1489 2961 1595 3064 οίίσης

414 3103 482 3174 σαι.
514 3070 746 3166 δπισχνοῦμαι
785 3069 894 3168 δ’ὗμῖν
952 3080 1137 3162 Θετταλίας
1159 3080 1274 3150 πάντα
1295 3075 1339 3150 τά
1364 3079 1472 3169 κύκλῳ
1505 3078 1590 3170 ἔθνη

413 3175 489 3255 άντί
511 3191 576 3254 τῶν
599 3183 794 3274 συμβάντων
813 3179 893 3278 ἡμῖν
948 3179 1084 3278 δπήκοα
1094 3189 1155 3274 μέν
1165 3188 1257 3257 ἐστιν
1270 3239 1294 3257 ..
1306 3188 1362 3256 καί
1372 3183 1597 3278 μήνΒοιωτοί

412 3283 554 3384 άχαθῶν
586 3292 622 3360 ἐν
653 3297 700 3380 τῷ
728 3289 833 3381 χρόνῳ
867 3280 894 3381 ᾦ
948 3319 987 3383 χε
1008 3294 1065 3361 καί
1089 3292 1121 3362 οὶ
1146 3283 1241 3363 άλλοι
1258 3293 1386 3375 πάντες
1399 3285 1593 3381 ὑπάρχουσί

413 3393 456 3467 ἂν
482 3399 593 3466 ἐκεῖνα
622 3388 893 3487 προσδεχώμεθα
949 3425 1008 3482 μοι
1052 3398 1243 3487 σύμμαχοι·
1290 3401 1348 3469 καί
1391 3393 1596 3469 άκολουθεῖν

411 3503 512 3594 χάριν
549 3494 646 3585 άξίαν
688 3495 893 3575 ἀποδώσειν.
948 3507 1058 3575 τοίνυν
1096 3499 1247 3588 άξιοῦσιν
1284 3507 1369 3595 ἐμοί,
1413 3502 1453 3575 ἂν
1485 3504 1594 3593 μόνον

414 3601 501 3683 άλλά
528 3606 588 3680 σίν
613 3615 685 3692 τοῖς
708 3616 805 3694 θεοῖς
827 3611 894 3681 δεί-
949 3605 1023 3683 άπδ
1082 3613 1361 3701 Λακεδαιμονίων
1422 3604 1595 3700 ἐλευθερῶ

413 3719 510 3808 ξομεν
543 3724 615 3800 τοῖς
633 3715 816 3810 βαρβάροις
839 3711 892 3788 lin
948 3711 1068 3802 αάτοάς
1090 3774 1097 3790 .
1121 3773 1129 3789 .
1153 3773 1161 3790 .

413 3825 470 3894 καί
484 3814 561 3894 άνευ
577 3831 636 3896 τοῦ
654 3825 796 3908 ἐκείνους
811 3834 891 3895 θαυ-

411 3929 530 4019 μάζειν
552 3931 725 4022 δονάμεθα
746 3928 825 4016 τούς
839 3935 892 4021 ἑχ-

411 4026 519 4128 θροίς
543 4045 778 4131 τιμωρεῖσθαι.

520 4181 770 4271 Compluribus
793 4184 838 4251 de
861 4183 977 4252 causis
999 4183 1065 4250 has
1081 4183 1170 4250 duas
1191 4184 1369 4251 orationes
1384 4191 1480 4250 recte
1494 4181 1596 4248 inter

412 4311 452 4359 se
475 4289 718 4377 composuisse
741 4289 830 4356 mihi
853 4290 989 4358 videor:
1014 4312 1096 4357 nam
1120 4291 1274 4379 primum
1297 4291 1342 4358 iis
1357 4291 1472 4373 rebus,
1495 4308 1596 4374 quae

412 4396 548 4480 insunt,
573 4396 721 4463 omnino
744 4395 876 4463 similes
898 4406 993 4480 sunt,
1033 4419 1114 4466 cum
1137 4398 1175 4466 in
1199 4409 1349 4486 utraque
1372 4419 1444 4464 non
1468 4394 1593 4462 solum
