3500 5052
817 401 1035 468 ,80-

346 620 475 686 milites
493 619 653 686 mercede
668 613 834 684 conducti
852 609 961 700 erant,
986 609 1076 702 quod
1101 637 1145 680 ex
1160 615 1230 681 illis
1246 637 1389 704 quoque
1407 617 1531 684 verbis.

345 725 575 812 intellegitur,
598 745 690 814 quae
714 745 820 812 supra
844 722 966 791 citavi:
991 717 1133 802 Μισθὸς
1153 722 1214 807 μὲν
1240 713 1324 810 ἡμῖν,
1351 711 1522 809 utraqu,

345 829 523 922 εἴργασται.
585 831 660 898 Illis
699 839 818 898 autem
855 829 1073 916 temporibus
1108 829 1145 895 in
1186 829 1399 897 exercitibus
1434 853 1523 897 mer-

344 939 588 1006 cennariorum
609 937 833 1006 centuriones
850 938 871 1004 i.
886 959 914 1003 e.
930 937 1037 1004 duces
1048 935 1225 1003 inferioris
1239 935 1372 1003 ordinis
1385 938 1529 1026 λοχαγοί

345 1047 625 1133 appellabantur,
649 1066 765 1132 neque
788 1052 850 1128 est,
875 1043 968 1131 quod
985 1042 1154 1110 miremur
1169 1043 1271 1110 iuxta
1287 1065 1347 1110 eos
1363 1043 1523 1133 λοχοχοός

348 1152 427 1219 illos
451 1151 643 1240 ταξιάρχους
666 1152 736 1239 (qui
762 1173 804 1217 ex
823 1149 1013 1234 Cyreorum
1035 1150 1179 1236 agmine
1195 1151 1394 1236 deprompti
1412 1156 1524 1227 erant)
1571 1203 1574 1210 .

345 1260 477 1344 positos
502 1281 588 1326 esse.

454 1367 523 1430 Hic
563 1373 684 1431 contra
719 1365 843 1430 dixerit
880 1365 1054 1451 quispiam
1091 1365 1127 1428 in
1164 1365 1243 1447 Cyri
1282 1365 1527 1450 Expeditione

346 1493 460 1557 neque
491 1470 678 1555 ταξιάρχους
705 1491 872 1557 umquam
903 1491 1017 1557 neque
1045 1471 1191 1536 omnino
1220 1470 1332 1536 ullum
1362 1471 1520 1536 ordinem

345 1578 622 1660 commemorari,
646 1577 707 1664 qui
731 1578 823 1644 inter
848 1575 1050 1668 στρατηγούς
1073 1585 1110 1643 et
1132 1575 1293 1667 λοχαγούς
1315 1577 1524 1644 intercedat.

346 1687 447 1768 Quae
471 1707 525 1750 res
550 1685 600 1749 sic
624 1684 834 1771 explicatur:
869 1684 953 1750 dum
979 1683 1079 1767 Cyrei
1107 1686 1321 1769 Pergamum
1350 1683 1523 1766 redibant,

345 1792 496 1877 quodvis
514 1792 667 1857 militum
685 1811 819 1878 corpus,
843 1793 1006 1876 quamvis
1024 1802 1117 1857 esset
1134 1811 1294 1877 parvum,
1320 1790 1442 1877 utique
1459 1812 1523 1877 per

344 1921 381 1964 se
406 1900 524 1964 stabat
549 1907 584 1962 et
607 1919 711 1964 suum
738 1897 903 1984 quodque
927 1897 1054 1963 ducem
1077 1896 1243 1978 habebat,
1273 1897 1332 1983 qui
1358 1898 1427 1962 alio
1452 1899 1522 1963 nisi

346 2003 529 2095 στρατηγός
552 2005 696 2070 nomine
721 2003 888 2091 appellari
914 2026 985 2070 non
1010 2012 1155 2090 poterat.
1204 2005 1321 2088 Quam
1345 2017 1418 2070 rem
1442 2007 1529 2070 sub-¹

343 2114 451 2178 latam
471 2133 547 2177 esse
564 2111 666 2177 nobis
680 2111 956 2178 existimandum
970 2121 1032 2194 est,
1048 2120 1238 2198 postquam
1255 2111 1357 2195 Cyrei
1374 2113 1520 2179 reduces

344 2221 387 2284 ad
428 2218 726 2285 Lacedaemonios
767 2218 982 2285 transierunt
1022 2228 1055 2283 et
1094 2219 1186 2305 apud
1228 2217 1306 2284 illos
1343 2218 1520 2307 stipendia

343 2326 468 2392 mereri
486 2334 687 2411 coeperunt.
723 2325 779 2393 Ex
795 2323 857 2391 illo
875 2336 1034 2412 tempore
1049 2325 1093 2391 iis
1110 2346 1203 2391 unus
1228 2335 1304 2391 erat
1318 2324 1519 2412 imperator,

344 2454 447 2516 quem
467 2432 665 2517 Xenophon
684 2433 779 2496 Hist.
802 2433 861 2497 Gr.
887 2434 942 2496 III
966 2429 1030 2506 27
1054 2432 1230 2499 nominat:
1256 2437 1353 2498 ὁτῶν
1374 2432 1520 2520 Κυρείων

344 2535 573 2627 ιτροεοτηκιός,
614 2547 649 2605 et
684 2538 791 2605 duces
827 2538 1046 2625 singularum
1084 2547 1304 2606 catervarum
1342 2562 1411 2606 non
1446 2541 1516 2608 iam

344 2649 523 2735 στρατηγοί,
551 2645 612 2710 sed
632 2646 797 2730 ταξίαρχοι
813 2644 1088 2732 appellabantur.
1129 2647 1208 2730 Qua
1224 2669 1261 2714 re
1278 2647 1519 2716 demonstrata

343 2774 420 2834 vox¹
445 2757 607 2838 ταξίαρχοι
641 2753 676 2818 in
711 2765 810 2838 parte
841 2755 867 2816 B
898 2763 948 2818 ter
977 2752 1091 2838 posita
1120 2752 1247 2819 rationi
1278 2764 1418 2820 nostrae
1447 2777 1517 2821 uon

342 2861 412 2924 iarn
437 2863 563 2926 obstat.

453 2968 546 3032 Idem
573 2969 645 3032 lere
670 2969 713 3032 de
738 2967 884 3032 vocibus
907 2970 1001 3052 λόχος
1026 2979 1059 3032 et
1083 2971 1215 3052 λοχαγοί
1237 2969 1424 3034 dicendum
1456 2982 1518 3054 est,

342 3096 433 3160 quae
464 3075 610 3139 Doricos
640 3073 780 3139 ordines
808 3071 1025 3158 significant.
1074 3075 1165 3140 Nam
1196 3074 1232 3139 in
1262 3083 1362 3161 parte
1393 3079 1422 3140 A
1448 3099 1518 3142 vox

341 3183 435 3265 λόχος
453 3182 495 3245 ad
514 3181 749 3246 Athenienses
771 3181 880 3246 relata
901 3181 1082 3247 invenitur
1099 3184 1114 3245 I
1133 3177 1164 3263 2,
1176 3180 1211 3248 3:
1230 3180 1261 3248 oi
1278 3183 1315 3249 δὲ
1333 3184 1518 3249 πελτασταὶ

342 3289 396 3354 καὶ
420 3295 486 3354 τῶν
508 3280 655 3353 όττλιτιῦυ
679 3293 733 3367 (sc.
747 3279 941 3376 Ἀθηναίων)
958 3285 1015 3354 driu
1037 3287 1127 3371 λόχοι
1147 3286 1375 3379 βοηθήσαντος
1392 3343 1423 3358 ..
1451 3284 1518 3356 ότι-

343 3394 487 3460 έκτειυαυ
512 3387 775 3474 ἅπαντας....,
812 3404 851 3458 ut
877 3393 936 3458 illo
960 3394 1036 3459 loco
1058 3417 1137 3478 vox,
1167 3417 1235 3480 qua
1261 3395 1345 3461 ordo
1368 3398 1515 3463 Doricus

342 3501 548 3586 appellatur,
591 3499 633 3563 ad
675 3520 729 3564 res
768 3497 904 3564 Atticas
944 3501 1054 3566 relata
1096 3523 1172 3567 esse
1210 3502 1381 3584 videatur,
1421 3504 1516 3588 quod

342 3605 471 3672 rationi
508 3614 648 3673 nostrae
684 3603 968 3673 inimicissimum
1005 3618 1107 3675 esset.
1160 3608 1230 3676 Sed
1270 3609 1372 3676 aliter
1407 3609 1441 3675 id
1479 3631 1517 3675 se

340 3713 458 3787 habet,
484 3734 565 3780 nam
592 3735 636 3780 ex
661 3713 736 3780 loco
761 3717 778 3778 Ι
802 3710 866 3799 2,3
891 3714 977 3780 nihil
1001 3715 1096 3782 aliud
1116 3717 1356 3804 colligendum
1374 3728 1426 3783 est
1447 3717 1514 3781 uisi

342 3843 382 3886 ea
407 3809 559 3888 militum
578 3820 698 3908 gravis
724 3829 924 3887 armaturae
941 3844 1094 3909 corpora,
1119 3844 1210 3909 quae
1227 3847 1270 3888 ex
1288 3822 1440 3907 singulis
1458 3824 1530 3890 tri--

340 3927 456 3994 bubus
471 3927 610 4018 (φυλαῖς)
620 3927 874 4011 efficiebantur,
900 3923 1232 4012 εοὶλίοοῒτάςτόξεις,
1256 3929 1291 3995 in
1314 3928 1515 4016 particulas,

341 4053 432 4120 quae
457 4033 547 4118 λόχοι
571 4034 798 4119 vocabantur,
827 4035 941 4102 divisa
971 4058 1058 4102 esse.
1106 4038 1198 4102 Nam
1230 4057 1308 4102 eum
1338 4057 1512 4123 nusquam

341 4149 547 4228 exponatur,
583 4141 618 4206 in
653 4139 754 4208 cuius
786 4142 925 4229 generis
958 4164 998 4209 ac
1032 4142 1184 4208 nominis
1213 4153 1330 4230 partes
1360 4143 1514 4209 minores

340 4245 373 4315 αλ
397 4239 504 4326 τόξοις
526 4246 661 4314 divisae
686 4249 764 4332 sint,
788 4269 902 4335 neque
926 4249 1001 4316 lieri
1027 4249 1147 4336 possit,
1173 4258 1213 4316 ut
1229 4250 1318 4314 infra
1336 4247 1431 4313 mille
1456 4251 1512 4314 vel
