3500 5052
715 332 936 400 ..77-

242 574 342 636 αρχος
382 548 571 635 significat,
613 558 730 616 tamen
767 550 992 617 memorabile
1029 560 1082 615 est
1117 551 1321 636 scriptorem
1360 575 1418 618 vo

245 679 320 722 cem
349 653 510 745 ναύαρχος
538 655 652 743 ipsam
681 679 752 728 non
782 658 825 724 de
854 656 1153 740 Lacedaemoniis,
1186 656 1247 724 sed
1276 657 1318 723 de
1348 658 1416 724 alia

246 771 354 850 gente
390 762 602 830 adhibuisse.
655 765 726 832 Sed
756 763 945 830 admodum
975 763 1136 830 diversus
1165 763 1289 830 tertius
1317 765 1416 830 locus

241 879 307 936 est.
325 873 358 938 V
372 868 399 952 1,
412 867 433 934 5
446 869 613 956 legimus:
631 869 661 938 oi
678 865 850 961 Ἀθηναῖοι
867 869 973 938 πάλιν
985 862 1026 937 αὖ
1044 870 1227 959 πράγμαυα
1240 864 1347 954 εἶχον.
1364 925 1369 936 .
1386 923 1414 938 ..

245 977 297 1042 καὶ
323 970 562 1067 άννινυληροῢσι
585 986 663 1057 ναῦς
686 976 905 1066 τρισκαίδεκα,
931 976 985 1044 ναὶ
1002 966 1328 1067 αἱροῖνταιΕάνομον
1344 975 1416 1044 ναά-

243 1109 344 1172 αρχον
361 1074 532 1164 ἕννάὗυάς.
567 1085 737 1172 Apertum
755 1094 808 1151 est
825 1107 866 1151 eo
882 1085 959 1152 loco
976 1083 1250 1170 Xenophontem
1269 1084 1415 1150 navium

242 1191 325 1257 duci
350 1191 621 1257 Atheniensium
647 1215 776 1260 nomen
801 1189 962 1279 ναύαρχον
984 1192 1075 1274 dare,
1108 1212 1321 1277 quamquam
1348 1212 1417 1256 cer-

245 1297 379 1363 tissime
416 1307 556 1365 constat
590 1298 684 1386 apud
717 1299 797 1366 illos
826 1320 956 1365 munus
985 1295 1144 1388 ναάαρχου
1171 1298 1316 1363 omnino
1344 1319 1415 1363 non

244 1405 363 1472 luisse.
411 1405 479 1471 Sed
511 1405 648 1472 etiamsi
678 1430 721 1473 ex
751 1407 858 1473 verbo
886 1404 1053 1494 αἱροῦνται
1077 1405 1245 1492 colligere
1269 1405 1418 1471 volueri-

242 1533 323 1577 mus
348 1511 409 1576 illo
433 1513 509 1578 loco
534 1513 738 1599 scriptorem
765 1515 808 1579 de
825 1513 999 1600 singulari
1017 1522 1123 1599 atque
1140 1511 1416 1579 extraordinario

244 1619 392 1705 imperio
409 1618 534 1702 dicere,
558 1629 598 1685 ut
615 1640 737 1686 vocem
755 1618 934 1710 στρατηγός
950 1618 1116 1684 adhihere
1133 1619 1162 1684 ei
1182 1641 1250 1684 nou
1268 1619 1416 1701 licuerit,

246 1737 364 1790 tamen
409 1725 683 1813 haudquaquam
731 1727 762 1792 ei
801 1726 929 1792 licebat
974 1726 1097 1790 ducem
1146 1725 1414 1791 Atheniensium

243 1829 400 1922 Ιναύαρχον
425 1833 611 1919 appellare,
636 1855 714 1900 cum
740 1855 870 1900 munus
886 1831 1047 1917 ναυάρχου
1063 1854 1083 1897 a
1100 1854 1136 1897 re
1152 1832 1293 1918 publica
1311 1831 1416 1897 Athe-

243 1939 422 2004 niensium
449 1939 702 2006 alienissimum
730 1949 829 2006 esset.
878 1941 974 2024 Quot
998 1940 1152 2006 rationes
1174 1939 1297 2004 ducem
1316 1941 1417 2004 aliter

245 2046 447 2133 appellandi
487 2047 646 2134 scriptori
685 2048 825 2124 luerint,
865 2069 971 2133 supra
1007 2045 1170 2112 vidimus.
1228 2047 1307 2111 Hoc
1340 2047 1416 2111 loeo

244 2163 393 2240 apparet
427 2175 505 2220 eum
543 2176 645 2221 voces
675 2155 1035 2226 Lacedaemoniorum
1072 2153 1177 2218 etiam
1208 2153 1250 2217 de
1280 2152 1417 2218 civibus

244 2261 326 2344 suia,
351 2281 500 2348 quorum
527 2262 561 2325 iu
588 2283 654 2328 usu
678 2261 756 2328 illas
781 2284 850 2328 uon
868 2284 944 2327 esse
960 2262 1048 2327 seire
1065 2261 1223 2342 debebat,
1248 2281 1417 2347 usurpare

244 2389 316 2432 non
352 2368 580 2436 dubitavisse.
639 2368 816 2436 Nimirum
850 2372 890 2441 L.
915 2367 1205 2435 Breitenbachius
1240 2369 1277 2432 in
1313 2368 1418 2432 adno-

247 2475 380 2542 tatione
404 2477 447 2542 ad
474 2474 536 2559 16,
552 2473 595 2542 29
620 2480 720 2562 laeta,
745 2500 825 2544 cum
852 2499 993 2564 operam
1019 2476 1126 2560 daret,
1149 2486 1188 2541 ut
1206 2497 1326 2543 vocem
1345 2503 1418 2542 ναυ-

245 2581 355 2670 άρχων
378 2582 473 2647 illius
496 2583 564 2648 loci
580 2583 878 2669 interpretaretur,
902 2584 1050 2650 addidit:
1070 2586 1282 2666 „Parvarnm
1302 2583 1418 2648 elassi-

246 2713 306 2754 um
335 2687 531 2774 praefectos
559 2685 738 2776 ναυάρχους
766 2691 962 2775 appellatos
991 2711 1035 2752 ex
1063 2690 1096 2753 V
1122 2685 1187 2770 1,5
1216 2687 1414 2752 discimus“

247 2794 358 2878 Quasi
398 2816 481 2861 vero
513 2793 707 2876 interesset,
745 2804 862 2860 utrum
887 2793 1015 2858 classes
1040 2814 1194 2878 magnae
1219 2814 1263 2856 au
1287 2813 1418 2878 part-'ae

246 2894 383 2968 essent!¹
427 2901 590 2968 Ceterum
628 2901 671 2966 ad
707 2902 822 2966 locum
859 2903 875 2964 1
910 2897 939 2981 6,
961 2895 1003 2962 29
1037 2898 1285 2984 explicandum
1315 2900 1419 2966 inter-

246 3010 398 3096 pretatio
430 3008 497 3074 loci
531 3009 563 3074 V
590 3008 659 3090 1,5
693 3030 734 3073 ea
767 3008 810 3072 de
842 2997 950 3072 ¹eausa
983 3005 1071 3070 nihil
1101 3005 1257 3070 conferre
1293 3016 1418 3090 potest,

246 3117 340 3202 quod
365 3116 479 3203 priore
502 3119 580 3182 loco
605 3137 674 3181 non
699 3115 743 3180 de
766 3136 876 3201 parva
893 3114 1012 3195 classe,
1036 3132 1126 3197 quae
1142 3133 1204 3197 per
1221 3134 1257 3176 se
1274 3122 1418 3194 constet,

246 3222 375 3310 agitur,
405 3223 466 3288 sed
495 3223 538 3288 de
567 3223 689 3308 paucis
718 3221 928 3308 quibusdam
959 3218 1120 3302 navibus,
1150 3240 1239 3304 quae
1268 3218 1428 3304 particu-¹

245 3333 315 3398 laur
352 3329 537 3397 universae
571 3329 692 3396 classis
726 3328 934 3396 ellieiebant.
996 3327 1088 3393 Tum
1124 3326 1158 3391 id
1193 3347 1333 3413 quoque
1362 3349 1419 3390 ex-

246 3439 449 3526 plicandum
481 3450 541 3524 est,
571 3439 746 3526 quomodo
775 3438 847 3520 liat,
877 3447 916 3503 ut
946 3437 1006 3502 illo
1034 3435 1111 3503 loco
1140 3439 1169 3516 (Ι
1195 3431 1224 3519 6,
1248 3431 1304 3516 29)
1329 3456 1420 3500 com-

246 3547 366 3630 plures
390 3543 540 3631 ναάαρχοι
564 3546 734 3612 nominati
757 3546 838 3611 sint.
886 3548 1000 3609 Immo
1017 3555 1178 3628 apertum
1197 3552 1250 3608 est
1266 3543 1327 3608 illo
1342 3542 1419 3608 loco

250 3647 555 3713 Breitenbachium
581 3673 622 3714 ea
647 3649 762 3733 verba,
791 3673 881 3737 quae
906 3649 1019 3731 attuli,
1044 3671 1085 3713 eo
1109 3657 1248 3714 tantum
1273 3646 1419 3712 consilio

248 3751 433 3831 addidisse,
463 3762 503 3818 ut
531 3755 664 3840 aliquid
692 3756 818 3822 saltem
848 3756 1026 3842 proferret,
1055 3775 1125 3840 quo
1148 3753 1197 3818 rei
1222 3753 1417 3839 prodessett

248 3879 330 3924 nam
355 3856 454 3922 nullo
479 3859 582 3925 modo
607 3881 651 3926 ex
676 3882 746 3926 uno
769 3861 830 3928 illo
854 3863 930 3926 loco
955 3861 1093 3926 eliicere
1109 3859 1210 3926 uobis
1226 3858 1309 3926 lieet
1325 3861 1418 3947 apud

245 3965 486 4031 Athenienses
526 3967 720 4052 praefectos
763 3969 994 4055 ,parvarum“
1037 3967 1202 4034 classium
1243 3965 1421 4055 ναυάρχους

251 4074 445 4162 appellatos
481 4095 564 4139 esse.
611 4074 649 4142 Si
685 4075 790 4141 modo
826 4097 875 4159 ea,
911 4095 1002 4161 quae
1037 4095 1143 4160 supra
1170 4074 1419 4156 demonstravi,

245 4190 343 4248 recte
377 4202 414 4246 se
443 4180 584 4264 habent,
620 4204 684 4249 nos
714 4182 830 4249 locum
861 4183 894 4248 V
916 4178 981 4265 1,5
1010 4187 1103 4246 recte
1127 4181 1419 4267 explicamuseo,

246 4289 342 4376 quod
378 4287 528 4355 dicimus
555 4290 829 4377 Xenophontem
860 4287 1125 4380 consuetudine
1143 4309 1221 4354 eum
1247 4289 1421 4358 Lacedae-
