3500 5052
898 427 1098 492 ..4-

408 641 503 728 quod
530 640 733 728 Xenophon
760 640 899 707 alienus
925 640 1034 708 fuerit
1060 661 1143 708 are
1167 641 1310 710 militari
1334 653 1370 711 et
1397 666 1419 711 a
1442 641 1595 730 proeliis

407 746 606 832 navalibus,
630 768 722 835 quae
746 756 839 815 totos
860 747 934 814 iere
957 747 1047 814 duos
1069 747 1177 816 libros
1201 748 1335 837 priores
1357 751 1593 838 complerent,

410 853 592 942 Repudiat
625 852 737 942 igitur
764 854 909 942 Lipsius
943 855 1158 922 sententiam
1192 877 1324 940 eorum,
1359 855 1419 945 qui
1448 865 1587 944 negant

413 959 610 1028 Historiam
634 962 808 1028 Graecam
837 981 949 1028 unum
977 981 1069 1048 opus
1097 983 1175 1030 esse
1203 973 1240 1031 et
1266 985 1339 1031 uno
1363 964 1483 1030 animo
1505 984 1596 1030 con-

410 1067 578 1155 scriptam
596 1089 683 1137 esse.
717 1071 797 1156 lpse
809 1067 951 1156 quidem
966 1089 1175 1156 persuasum
1188 1069 1297 1138 habet
1307 1069 1584 1158 Xenophontem

406 1195 652 1261 quaecumque
674 1174 712 1240 in
736 1173 897 1241 Historia
913 1176 1051 1242 Graeca
1066 1175 1231 1262 legimns,
1253 1199 1296 1244 eo
1312 1175 1426 1260 modo,
1442 1197 1512 1264 quo
1528 1197 1593 1243 res.

407 1279 568 1348 novisset
595 1301 737 1368 quoque
765 1279 798 1346 ei
825 1301 931 1348 curae
961 1281 1123 1366 tuissent,
1151 1283 1408 1371 conscripsisse,
1436 1303 1517 1350 curn
1544 1282 1589 1350 in-

407 1409 521 1456 annos
543 1409 601 1455 res
624 1397 744 1474 gestas
767 1387 998 1455 describendo
1020 1400 1235 1477 sequeretur.

513 1494 717 1582 Singularis
739 1495 813 1562 fere
828 1496 1005 1562 sententia
1026 1497 1069 1564 R.
1086 1496 1251 1564 Grosseri
1266 1497 1346 1565 tuit.
1392 1499 1428 1563 Is
1444 1496 1593 1564 duabus

409 1600 797 1689 commentationibus¹)
819 1603 908 1669 haec
931 1602 1085 1670 maxime
1109 1601 1288 1690 exposuit:

514 1726 546 1796 1.
572 1727 811 1811 Plutarchum,
835 1727 965 1814 quiex
987 1726 1238 1814 Xenophontis
1262 1727 1423 1794 Historia
1446 1727 1593 1795 Graeca.

406 1833 594 1919 hausisset,
616 1855 671 1900 res
688 1855 970 1919 commemorare,
994 1855 1085 1922 quae
1108 1833 1204 1921 apud
1220 1833 1494 1922 Xenophontem
1512 1854 1591 1900 non

410 1951 602 2009 exstarent.

513 2045 547 2117 2.
570 2051 720 2116 Veteres
744 2047 941 2115 Historiam
966 2047 1139 2116 Graecam
1163 2047 1313 2115 summis
1335 2047 1502 2115 laudibus
1526 2069 1587 2114 ex·

410 2155 543 2241 tollere,
566 2154 671 2222 hodie
695 2153 910 2222 contrarium
934 2174 1041 2241 saepe
1056 2152 1150 2220 fierit
1174 2153 1295 2240 itaque
1312 2165 1450 2222 veteres
1466 2156 1585 2221 Xeno·

408 2261 553 2348 phontis
592 2261 788 2349 genuinum
824 2281 913 2348 opus
947 2259 1124 2346 habuisse,
1159 2283 1224 2328 nos
1259 2281 1330 2328 non
1363 2259 1492 2328 habere
1526 2281 1595 2328 ne·

410 2389 507 2435 cesse
531 2389 618 2434 esse.

514 2471 546 2543 3.
571 2472 708 2562 Exped.
733 2473 815 2559 Cyri
844 2475 881 2539 11
905 2470 969 2558 6,l
992 2473 1266 2562 Xenophontem
1287 2473 1405 2542 verbis
1429 2463 1512 2566 ὅλλῃ
1528 2473 1584 2565 γέ-

409 2605 560 2671 γραπται
584 2581 628 2648 ad
652 2580 761 2647 alium
786 2580 997 2667 scriptorum
1021 2602 1167 2647 suorum
1191 2581 1308 2648 locum
1330 2590 1497 2669 spectare,
1520 2581 1582 2670 qui

408 2709 586 2776 nusquam
609 2688 678 2754 nisi
701 2687 738 2753 in
763 2687 924 2754 Historia
944 2688 1083 2756 Graeca
1106 2687 1227 2774 quaeri
1251 2689 1402 2772 deberet,
1426 2688 1488 2754 nbi
1511 2709 1584 2754 non

408 2794 638 2864 inveniretur.

514 2899 547 2971 4.
581 2901 747 2972 Eundem
790 2901 828 2968 in
872 2901 1017 2969 modum
1061 2902 1287 2970 Athenaeum
1327 2903 1379 2971 IV
1406 2897 1458 2986 76,
1482 2897 1592 2966 1741·

408 3010 525 3075 locum
562 3009 738 3095 quendam
773 3009 1075 3097 Xenophonteum
1114 3008 1151 3075 in
1187 3009 1307 3076 animo
1340 3008 1483 3092 habere,
1521 3004 1583 3094 qui

409 3115 486 3202 ipse
509 3137 650 3205 quoque
672 3115 782 3184 solius
808 3115 989 3184 Historiae
1005 3116 1165 3184 Graecae
1188 3137 1265 3183 esse
1281 3124 1410 3201 posset,
1434 3113 1495 3182 ubi
1511 3135 1584 3181 non

408 3223 639 3291 inveniretur.

515 3328 711 3398 bucinae
738 3327 883 3396 Suidam
911 3329 978 3396 sub
1006 3350 1092 3396 voce
1120 3319 1236 3416 ἀρχεῖα
1263 3329 1382 3395 locum
1406 3328 1514 3394 citare
1537 3349 1584 3394 ex

408 3435 658 3524 Xenophontis
687 3432 842 3525 ἱστοριῶν
864 3426 975 3526 ὀγδόῃ,
1009 3435 1070 3524 qui
1099 3436 1136 3502 in
1162 3435 1321 3503 Historia
1344 3434 1483 3502 Graeca
1510 3455 1583 3501 non

409 3551 574 3612 exstaret.

513 3647 546 3718 6.
575 3649 777 3717 Nonnullos
811 3649 1081 3737 lexicographos
1116 3649 1229 3735 (velut
1265 3650 1443 3715 Pollucem
1476 3649 1511 3713 II
1539 3643 1592 3712 97·

408 3748 607 3842 ἇναχαίνειν)
641 3756 749 3824 citare
772 3757 946 3825 vocabula
981 3757 1152 3842 quaedam
1188 3757 1458 3842 Xenophontea,
1490 3775 1590 3841 quae-

407 3862 514 3931 hodie
536 3864 631 3952 apud
654 3864 929 3952 Xenophontem
953 3885 1025 3930 non
1048 3863 1119 3929 iam
1145 3873 1335 3931 exstarent

517 3971 627 4039 Addit
653 3972 826 4039 nonnulla
848 3979 1071 4058 argumenta,
1094 3991 1185 4057 quae
1209 3970 1254 4036 ad
1276 3968 1441 4036 intimam
1465 3968 1588 4055 operis·

408 4086 574 4145 naturam
597 4087 774 4166 spectant3
805 4079 856 4145 sic
878 4076 1065 4145 ostendere
1089 4075 1209 4144 studet
1231 4075 1471 4163 compluribus
1495 4071 1584 4141 locis

456 4292 546 4449 ⁷3⁷¹)
567 4299 715 4358 Fleckeis.
730 4299 837 4357 Annal.
847 4297 967 4366 voh93.
987 4294 1081 4367 1866,
1095 4315 1126 4373 p.
1138 4295 1329 4364 721-732;
1345 4298 1404 4354 vol.
1416 4293 1468 4365 95,
1488 4291 1594 4364 1867,

408 4408 439 4464 P·
544 4405 610 4464 ⁸qq·
914 4427 916 4431 ’
