3500 5052
687 431 906 500 ..81-

215 652 288 716 duo
311 648 410 715 milia
434 649 586 715 militum
612 649 730 716 minus
755 669 881 734 corpus
905 670 975 713 non
1001 647 1110 713 fuisse
1138 647 1390 730 existimemus,

215 758 306 824 nihil
344 757 471 840 obstat,
507 756 591 843 quin
628 777 834 842 persuasum
871 754 1066 821 habeamus
1099 754 1205 819 etiam
1239 755 1389 820 Athenis

215 861 331 950 λόχους
359 875 396 930 et
423 865 583 952 λοχαγούς
612 862 731 930 fuisse.
784 862 949 929 Ceterum
979 861 1086 928 etiam
1115 861 1174 926 alii
1203 861 1389 946 scriptores

219 973 435 1039 Graecorum
471 991 595 1036 vocem
631 966 729 1053 λόχος
764 969 807 1034 de
840 969 918 1034 aliis
946 968 1087 1055 populis
1116 976 1254 1054 praeter
1283 969 1390 1038 Lace-

217 1076 421 1144 daemonios
443 1076 691 1143 adhibuerunt.
740 1075 848 1143 Cuius
872 1075 922 1141 rei
947 1076 1108 1161 exempla
1133 1113 1175 1122 -
1199 1073 1229 1140 si
1245 1074 1389 1140 omnino

216 1185 260 1252 iis
295 1205 385 1271 opus
421 1184 467 1250 sit
502 1222 543 1232 -
573 1184 682 1249 allero
710 1183 807 1251 haec.
854 1181 1015 1266 Thucyd.
1045 1179 1221 1265 1v43,1:
1256 1173 1417 1260 Βάττος

216 1293 338 1380 (homo
362 1291 634 1380 Corinthius)..
665 1284 775 1376 λαβὼν
798 1288 894 1375 λόχον
920 1281 1013 1381 ἦλθε,
1046 1290 1083 1354 in
1115 1289 1238 1355 eodem
1274 1289 1389 1375 capite

216 1399 236 1487 ξ
265 1397 302 1466 4:
341 1397 439 1484 λόχος
478 1398 515 1466 da'
557 1425 606 1478 τις
644 1404 709 1465 τῶν
752 1402 940 1482 Κορινθίων
984 1385 1216 1489 ἐπιβοηθήσας
1258 1394 1388 1482 ἔτρεψε.

217 1508 268 1574 IV
304 1505 345 1572 91
381 1508 566 1595 Παγώνδας
591 1559 626 1574 ..
656 1511 867 1590 βοιωταρχῶν
902 1505 939 1572 ἐκ
977 1509 1152 1595 Θηβῶν..
1188 1505 1391 1590 προσκαλῶν

217 1610 374 1692 ἑκάστους
408 1608 493 1680 κατά
525 1606 650 1697 λάχους.
699 1615 733 1679 V
755 1609 854 1696 72‚4:
902 1608 949 1693 (οἱ
978 1608 1245 1696 Λακεδαιμόνιοι)
1281 1635 1391 1695 προσ-

216 1718 379 1800 πεσόντες
413 1723 478 1786 τῶν
510 1709 664 1808 Ἀργείων
702 1723 773 1798 τοῖς
806 1717 1043 1803 πρεσβατέροις
1081 1717 1136 1783 καὶ
1178 1714 1391 1801 πεντελόχοις

218 1819 460 1914 ῶνομασμένοις
479 1880 510 1895 ..
541 1825 692 1912 ἔτρεψαν.
740 1826 837 1911 Ergo
872 1846 917 1890 ne
952 1846 1022 1891 vox
1058 1822 1156 1908 λόχος
1183 1823 1325 1910 quidem
1353 1822 1390 1888 in

219 1945 319 2021 parte
343 1936 374 1999 A
397 1944 536 2020 reperta
559 1931 687 1999 rationi
711 1942 852 1999 nostrae
876 1931 1017 1998 resistit.

325 2044 401 2108 lam
420 2063 490 2108 una
514 2049 623 2108 restat
639 2062 718 2122 νοΧ,
735 2040 779 2105 de
795 2061 866 2126 qua
881 2061 995 2125 pauca
1012 2038 1099 2104 mihi
1117 2038 1278 2104 addenda
1296 2048 1389 2106 sunt.

154 2140 158 2148 ’
217 2151 260 2214 In
284 2158 383 2235 parte
409 2151 445 2231 B,
469 2149 545 2214 loco
570 2151 622 2215 IV
644 2146 711 2230 2,5
735 2147 903 2233 legimus:
927 2150 1076 2232 προεῖπε
1101 2144 1161 2230 (sc.
1186 2135 1392 2235 Ἀγησίλαος)

218 2255 255 2323 δὲ
277 2255 334 2322 καὶ
356 2259 428 2334 τοῖς
462 2251 658 2339 ἱππάρχοις,
697 2245 785 2334 ὅστις
811 2243 1043 2342 αι’·ιπποτάτην
1077 2251 1132 2318 καὶ
1160 2244 1388 2340 εὐοπλοτάτην

217 2360 308 2442 τάξιν
331 2362 519 2448 παρέχοιτο,
546 2353 591 2441 ῶς
612 2360 668 2428 καὶ
691 2358 817 2440 τούτοις
841 2356 1021 2450 νικητήριον
1036 2357 1161 2426 δώσων.
1210 2361 1290 2424 Hoc
1313 2358 1392 2424 loco

219 2469 405 2536 ollensioni
429 2469 476 2536 sit
497 2469 660 2556 cuipiam,
684 2468 777 2554 quod
794 2490 865 2535 vox
881 2469 1068 2553 ἵππαρχος,
1095 2487 1184 2552 quae
1201 2465 1394 2533 Athenien-

220 2577 313 2644 sium
348 2577 488 2663 propria
517 2592 580 2660 est,
615 2576 658 2641 de
687 2575 979 2646 Lacedaemoniis
1014 2575 1108 2640 dicta
1135 2583 1197 2643 est.
1249 2573 1319 2641 Sed
1354 2572 1391 2637 id

218 2683 320 2750 lacile
343 2682 509 2767 redargui
533 2690 659 2767 potest,
684 2703 766 2746 nam
792 2683 913 2745 eodem
939 2680 1052 2762 mod0‚
1077 2700 1147 2764 quo
1172 2699 1276 2744 voces
1293 2676 1392 2762 λόχος

220 2801 256 2859 et
279 2789 438 2878 ναίαρχος
466 2788 565 2870 (haec
593 2785 727 2852 scilicet
761 2786 913 2852 exclusis
942 2783 1248 2868 Atheniensibusl)
1283 2784 1390 2850 etiam

218 2921 289 2966 vox
312 2899 498 2984 ἵππαρχος,
522 2917 612 2982 quae
637 2892 724 2959 nihil
748 2893 844 2959 aliud
870 2901 923 2958 est
945 2891 1014 2958 nisi
1030 2894 1138 2975 ἅρχων
1161 2895 1227 2957 τῶν
1251 2887 1393 2958 ἱππέων

218 3027 280 3072 seu
303 3010 363 3095 τῆς
386 3005 509 3087 ἵππου,
546 3003 589 3069 de
618 3000 766 3067 ducibus
795 2998 955 3065 omnium
988 2998 1200 3085 populorum
1233 2996 1391 3063 adhiberi

218 3121 345 3198 potest,
382 3112 424 3178 cl.
448 3109 609 3194 Thucyd.
635 3111 687 3175 IV
714 3105 765 3190 72,
783 3104 818 3172 4:
852 3101 992 3191 τὸνμὲν
1026 3097 1087 3194 γάρ
1111 3104 1289 3188 ἵππαρχον
1324 3107 1392 3169 τῶν

217 3223 424 3287 Βοιωτῶν..
449 3214 481 3284 οἱ
503 3207 680 3307 Ἀθηναῖοι
703 3207 956 3294 ἀποκτείναντες
978 3209 1183 3280 ἐσκύλευσαν.

327 3328 382 3390 De
407 3324 550 3391 tabulae
579 3323 713 3390 ultimis
741 3323 866 3407 verbis,
904 3343 994 3409 quae
1018 3341 1087 3386 non
1103 3317 1216 3392 ‚attuli
1252 3316 1320 3382 nisi
1345 3316 1391 3383 ob

222 3457 300 3501 eam
326 3454 479 3516 causam,
509 3454 554 3499 ne
578 3431 661 3519 quid
685 3431 779 3498 illius
804 3431 944 3518 generis
972 3427 1181 3510 omitterem,
1210 3426 1272 3494 vix
1300 3445 1389 3512 opus

220 3551 274 3604 est
297 3562 354 3604 me
378 3541 485 3607 verba
501 3541 627 3612 iacere;
651 3562 733 3605 nam
760 3549 795 3605 et
812 3560 933 3606 vocem
950 3535 1141 3626 τριήραρχοι
1157 3534 1251 3623 apud
1268 3553 1392 3600 omnes

220 3656 346 3729 gentes
363 3646 535 3729 usurpari,
552 3655 588 3710 et
599 3666 703 3712 voces
716 3643 962 3728 ἱππαρμοσταί,
978 3641 1195 3726 πολέμαρχοι,
1214 3663 1395 3728 πεντηκον-

218 3754 326 3838 τῆρες,
351 3753 480 3836 ξεναγοί
500 3750 583 3814 solis
607 3749 651 3814 de
675 3747 962 3815 Lacedaemoniis
985 3747 1054 3813 dici
1078 3757 1203 3813 notum
1227 3754 1290 3812 est.

328 4179 405 4242 Iam
430 4182 470 4241 ut
493 4175 706 4261 complectar
729 4195 820 4263 quae
842 4180 1024 4240 assecutus
1049 4193 1124 4238 esse
1148 4171 1233 4236 mihi
1259 4170 1393 4252 videar,
1415 4217 1426 4232 .

221 4307 266 4350 ex
290 4281 429 4366 tabulis
454 4303 542 4368 quas
565 4282 757 4370 composui,
780 4281 815 4348 in
833 4276 1080 4366 Xenophontis
1106 4297 1234 4363 genere
1251 4275 1391 4342 dicendi
1424 4285 1427 4292 '
