3500 5052
887 375 1110 454 ηεξ.

409 621 583 698 quantum
607 631 712 678 usum
735 610 930 698 particulae
952 607 1016 700 μήν
1039 609 1087 699 (γε
1100 608 1182 701 μήν)
1197 610 1399 698 Xenophon
1415 610 1454 676 iu
1470 608 1594 696 siugu-

408 719 453 786 lis
477 718 618 806 scriptis
641 727 857 805 sequeretur,
885 717 976 790 haec
998 716 1168 804 repperit:
1192 727 1321 792 cuncta
1343 715 1593 804 Xenophontis

413 825 545 914 scripta
567 825 606 892 iu
629 833 799 912 quattuor
822 833 983 911 tempora
999 823 1245 892 distribuenda
1260 845 1347 907 esse,
1370 823 1595 910 singulisque

415 932 635 1020 temporibus
658 932 767 999 libros
790 931 886 999 hunc
908 931 947 998 iu
971 931 1117 999 modum
1141 930 1400 999 attribuendos:

442 1096 468 1159 1.
494 1092 741 1184 Cynegeticus.
759 1091 1106 1160 HistoriaeGraecae
1119 1089 1389 1179 parsprimai.e.
1400 1085 1595 1174 1-113,10‚

427 1218 473 1286 ΙΙ.
498 1217 769 1292 Oeconomicus.

417 1344 483 1414 111.
507 1341 664 1415 Socratis
680 1339 933 1425 Memorabilia,
957 1340 1077 1424 Hiero,
1093 1339 1317 1423 Convivium,
1334 1337 1515 1410 Historiae
1530 1339 1596 1408 Gr,

506 1469 588 1536 pars
612 1449 732 1531 altera,
755 1447 778 1514 i.
803 1469 830 1519 e.
853 1448 888 1520 11
912 1443 943 1530 3,
955 1445 1078 1518 11-V
1102 1449 1130 1532 1,
1154 1445 1347 1534 Expeditio
1371 1445 1462 1531 Cyri,
1490 1445 1595 1516 Iusti.

507 1554 598 1624 tutio
623 1554 712 1639 Cyri.

417 1683 476 1748 1v.
508 1678 688 1746 Historiae
717 1677 777 1746 Gr.
806 1700 887 1766 pars
917 1677 1032 1762 tertia,
1065 1677 1085 1745 i.
1115 1701 1142 1746 e.
1171 1679 1204 1746 V
1226 1676 1374 1762 l-VII,
1400 1677 1480 1744 libri
1509 1676 1594 1764 Περὶ

506 1783 637 1874 Πόρων,
659 1776 890 1874 Ἱππαρχικός,
916 1785 1001 1871 Περὶ
1017 1776 1186 1875 Ἱππικῆς,
1204 1775 1412 1875 Ἀγησίλαος,
1429 1785 1600 1852 Aurariae*

505 1895 630 1978 μονίων
653 1891 829 1961 Πολιτεία.

523 2051 773 2148 Xenophontis
806 2051 937 2140 scripta
968 2059 1138 2141 quattuor
1160 2049 1231 2117 illis
1257 2051 1475 2138 temporibus
1499 2050 1600 2122 attri-

415 2160 557 2227 buenda
581 2181 658 2227 esse
682 2158 978 2246 Dittenbergerus
1001 2158 1058 2225 his
1082 2157 1305 2245 argumentis
1322 2156 1594 2227 demonstravit:

422 2266 673 2334 observaverat
696 2267 732 2332 in
757 2266 872 2353 primo
895 2265 1065 2332 librorum
1090 2265 1213 2332 ordine
1235 2263 1430 2352 particulae
1457 2262 1523 2356 μήν
1545 2264 1599 2354 (ys

417 2371 494 2464 μήν)
523 2373 660 2439 nullum
695 2394 770 2444 esse
802 2393 916 2455 nsum,
948 2371 987 2438 in
1019 2371 1131 2439 altero
1162 2369 1390 2456 rarissimum,
1419 2371 1455 2438 in
1492 2370 1600 2440 tertio

418 2479 607 2564 modicum,
639 2479 677 2545 in
709 2488 835 2567 quarto
856 2476 923 2569 μήν
955 2487 991 2545 et
1013 2503 1050 2569 γε
1072 2475 1138 2568 μήν
1171 2488 1243 2546 tam
1268 2479 1469 2566 frequenter
1499 2498 1603 2545 usur-

419 2586 504 2676 pari,
528 2595 569 2658 ut
590 2586 702 2654 lector
724 2585 877 2674 legendo
893 2585 1114 2674 latigaretur.
1161 2586 1347 2670 Quatenus
1363 2585 1477 2674 igitur
1492 2605 1601 2672 quae-

419 2693 490 2761 stio
513 2693 574 2766 illa
598 2693 641 2760 de
664 2691 914 2788 Xenophontis
940 2693 1100 2763 Historia
1123 2693 1261 2760 Graeca
1280 2691 1403 2762 habita
1419 2712 1603 2780 commen·

422 2801 556 2868 tatione
581 2799 845 2887 Dittenbergeri
869 2799 1040 2886 tangitur,
1063 2799 1131 2866 hoc
1153 2798 1213 2865 ille
1236 2798 1407 2870 ostendit:
1433 2797 1597 2872 Historia

424 2909 560 2974 Graeca
583 2907 790 2995 neutiquam
818 2928 890 2974 uno
914 2915 1036 2974 tenore
1059 2905 1255 2993 composita
1285 2913 1347 2990 est,
1375 2905 1437 2972 sed
1461 2914 1533 2972 tres
1548 2905 1602 2971 di·
1722 2997 1723 3002 ἵ

421 3013 658 3100 stinguendae
692 3022 776 3080 suut
805 3022 934 3101 partes,
967 3033 1059 3101 quae
1086 3011 1235 3086 diversis
1269 3012 1487 3101 temporibus
1519 3033 1604 3078 con·
1722 3015 1723 3018 ’

420 3120 572 3209 scriptae
596 3130 694 3190 suut:
719 3122 818 3187 1-11
842 3117 945 3200 8,10;
970 3123 1006 3186 11
1030 3117 1244 3203 o,11-V1;
1269 3118 1300 3181 V
1323 3115 1473 3187 2-V11.
1497 3119 1602 3185 ldem

380 3269 386 3279 -
425 3227 640 3312 Roquettius
665 3225 931 3312 quaestionibus
955 3225 1029 3292 suis
1053 3235 1237 3292 assecutus
1261 3235 1323 3293 est

530 3349 708 3417 Nunciam
740 3350 784 3416 ad
808 3371 885 3417 eam
910 3371 984 3417 rem
1009 3349 1246 3438 pervenimus,
1275 3372 1381 3438 quam
1406 3350 1609 3417 nobishoc

428 3456 543 3544 capite
567 3456 829 3548 proposuimus:
857 3456 1165 3530 observationibus
1188 3458 1232 3524 de
1256 3466 1431 3526 certarum
1454 3458 1604 3527 locutio-

424 3584 512 3658 num
533 3563 741 3658 ,frequentia
762 3563 937 3638 institutis
964 3563 1009 3649 id,
1033 3565 1127 3654 quod
1152 3564 1447 3651 Dittenbergerus
1471 3574 1507 3635 et
1530 3567 1605 3632 Ro·

426 3670 584 3758 quettins
612 3669 656 3738 de
680 3670 841 3746 Historia
864 3669 1002 3743 Graeca
1025 3671 1232 3754 docuerunt,
1260 3692 1393 3757 augere
1417 3680 1453 3738 et
1476 3671 1608 3738 contir-

425 3799 522 3852 mare
544 3777 717 3852 inanimo
738 3778 922 3851 habemus.
968 3779 1102 3849 Earum
1119 3779 1286 3867 partium,
1308 3798 1395 3864 quas
1411 3776 1464 3846 illi
1478 3777 1612 3844 distin*

425 3885 586 3972 guendas
619 3907 695 3954 esse
724 3885 964 3970 ostenderunt,
996 3886 1085 3958 duas
1116 3885 1328 3972 posteriores
1363 3883 1461 3955 omni
1494 3883 1612 3950 modo

424 3990 683 4064 diversissimas
706 4001 743 4060 et
765 3995 912 4066 alteram
937 3992 982 4059 ab
1005 3993 1116 4063 altera
1139 3991 1379 4078 seiungendas
1402 4011 1481 4058 esse
1494 3989 1610 4078 pluri-

425 4097 493 4171 mis
527 4097 820 4187 gravissimisque
854 4097 1076 4186 argumentis
1111 4097 1314 4166 Guilelmus
1341 4096 1528 4168 Nitschius
1563 4095 1609 4164 iu

426 4203 675 4276 dissertatione
698 4225 806 4292 supra
829 4203 1013 4274 nominata
1035 4203 1302 4288 demonstravit,
1330 4214 1371 4272 nt
1393 4224 1617 4292 supervacue

425 4333 532 4384 neum
558 4333 634 4382 esse
659 4311 869 4396 existimem,
896 4311 990 4377 idem
1020 4311 1163 4382 tertium
1193 4311 1268 4380 sive
1298 4319 1463 4400 quartum
1487 4319 1618 4380 osten-
