3500 5052
753 399 977 470 „29-

281 615 424 703 iordnnr,
446 618 639 706 posteriore
663 619 824 685 ἵστασθαι
848 617 981 684 dietum
1007 637 1091 699 esse,
1114 616 1177 682 sed
1200 615 1344 682 omnino
1367 613 1459 681 nihil

285 725 355 792 nisi
378 719 541 814 τρόπαιον
570 722 701 792 ἱστάναι
725 724 897 791 usitatum
926 721 1043 789 tuisse.
1092 721 1228 807 Quodsi
1255 722 1457 808 Xenophon

281 832 361 899 inB
377 843 414 899 et
429 831 466 897 in
483 830 722 918 Expeditione
738 833 853 897 solum
870 829 1026 897 medium
1043 837 1200 916 usurpat,
1215 826 1252 893 in
1270 849 1311 894 eo
1325 826 1461 914 gravis·

283 938 413 1005 simum
438 947 690 1023 argumentum
715 936 872 1024 positum
898 947 960 1021 est,
983 957 1054 1024 quo
1078 934 1277 1002 ostenditur
1299 933 1399 1000 illum
1416 954 1458 999 eo

284 1053 451 1130 tempore,
475 1064 544 1130 quo
567 1053 703 1130 partem
728 1043 755 1107 B
780 1054 817 1110 et
839 1042 1114 1130 Expeditionem
1137 1040 1287 1127 scripsit,
1315 1059 1461 1105 cousue-

282 1151 442 1218 tudinem
467 1150 640 1218 sermonis
664 1149 773 1217 Attici
797 1150 943 1217 omnino
966 1148 1181 1236 deposuisse,
1205 1147 1241 1213 id
1266 1145 1359 1234 quod
1376 1143 1461 1211 rati·

283 1279 386 1328 onem
411 1268 568 1327 nostram
591 1257 878 1344 splendidissime
908 1256 1105 1324 confirmat.
1152 1253 1297 1325 Etenim
1321 1260 1464 1320 constat

283 1366 557 1453 Xenophontem
583 1375 664 1452 post
686 1365 840 1433 reditum
869 1365 1010 1431 illorum
1039 1363 1161 1430 decem
1190 1361 1328 1427 milium
1352 1359 1462 1427 Grae·

284 1494 405 1539 corum
439 1494 533 1539 anno
560 1469 623 1536 401
650 1471 942 1544 Lacedaemoniis
975 1492 1013 1537 se
1041 1469 1254 1552 adiunxisse,
1283 1465 1458 1554 imprimis

284 1587 404 1645 autem
428 1579 465 1644 in
490 1578 766 1645 familiaritatem
784 1577 942 1663 Agesilai
965 1577 1115 1655 venisse,
1139 1596 1290 1662 quocum
1315 1595 1360 1640 ex
1376 1573 1464 1640 Asia

284 1683 533 1764 inGraeciam
557 1684 670 1749 redux
692 1684 729 1749 in
753 1683 839 1768 ipsis
856 1683 1216 1753 Lacedaemoniorum
1239 1680 1362 1746 castris
1384 1701 1464 1747 ver·

286 1800 385 1856 satus
408 1790 582 1858 Scillunte
610 1789 647 1855 in
677 1788 820 1876 praedio
846 1789 891 1855 ab
919 1789 989 1855 illis
1017 1789 1148 1855 donato
1177 1787 1278 1854 vixit.
1324 1785 1462 1870 Quodsi

286 1896 520 1982 cognovimus
549 1918 630 1963 eum
660 1906 747 1979 tum,
788 1918 868 1962 cum
896 1905 1033 1982 partem
1062 1898 1089 1961 B
1118 1906 1154 1962 et
1185 1893 1460 1981 Expeditionem

286 2004 537 2086 conscribebat,
566 2002 859 2070 consuetudinem
892 2003 1063 2068 sermonis
1085 2002 1195 2070 Attici
1224 2003 1330 2088 plane
1357 2001 1465 2086 depo·

285 2110 407 2195 suisse,
430 2121 568 2197 partem
593 2112 623 2175 A
648 2119 767 2175 autem
792 2108 859 2174 sub
875 2109 1087 2175 auctoritate
1110 2108 1206 2174 illius
1222 2107 1404 2195 scripsisse
1418 2145 1460 2156 -

286 2217 370 2305 quid
395 2217 491 2284 aliud
515 2217 599 2283 hinc
622 2215 774 2283 eflicitur
797 2215 866 2281 nisi
888 2226 1026 2302 partem
1048 2216 1079 2280 A
1095 2215 1208 2281 multo
1225 2222 1307 2281 ante
1323 2223 1463 2300 partem

288 2327 376 2392 Bet
399 2324 675 2412 Expeditionem
701 2322 782 2408 Cyri
806 2323 974 2410 scriptam
999 2323 1095 2388 esse?

515 2648 559 2712 11.
583 2643 740 2713 Verbum
765 2643 808 2710 ad
833 2643 966 2748 bellum
989 2642 1243 2728 proficiscendi.

854 2804 895 2868 A.

538 2924 735 3016 στρατεύειν.
1128 2923 1377 3014 στρατεύεσθαι.

289 3089 307 3152 1
330 3084 425 3172 aro.
449 3089 485 3153 11
508 3085 606 3170 1,13.

290 3473 482 3569 στρατεύειν
491 3482 628 3549 etverb.
636 3504 748 3570 comp.
839 3479 1077 3570 στρατεύεσθαι
1100 3489 1137 3548 et
1160 3479 1254 3548 verb.
1278 3501 1391 3566 comp.

288 3662 345 3725 111
370 3657 434 3739 5,5
458 3660 528 3726 tris.
552 3657 661 3729 8.16.
791 3663 826 3725 ΙΙ
851 3656 881 3743 4,
894 3657 946 3726 30.
970 3656 1022 3726 36.
1046 3657 1099 3726 43.

290 3768 342 3836 IV
370 3761 715 3850 2,1.8.4,19.5,1.
771 3767 826 3830 111
850 3762 922 3848 1,7.
948 3764 998 3833 13.
1022 3763 1117 3848 2,25.
1146 3762 1198 3831 26.
1223 3762 1252 3849 4,
1265 3761 1295 3831 2.
1330 3762 1370 3828 11
1399 3763 1467 3831 bis.

372 3869 443 3957 6,1.
464 3868 494 3956 7,
506 3869 538 3941 2.
554 3867 584 3956 8,
597 3869 639 3936 53
653 3872 715 3939 bis.
853 3870 940 3954 4,15
963 3873 1026 3940 bis.
1050 3871 1080 3955 ὃ,
1093 3867 1145 3937 23.

771 3981 823 4047 IV
855 3977 885 4062 1,
903 3975 956 4047 38.
992 3976 1056 4061 ab
1082 3978 1147 4045 bis.
1183 3975 1214 4044 6.
1243 3972 1337 4061 3,15.
1371 3972 1480 4062 4,17.*

853 4084 882 4170 6,
894 4084 961 4154 23
984 4085 1049 4152 bis.
1069 4083 1119 4151 13.
1143 4081 1214 4168 7,5.
1236 4080 1327 4168 8,14.

478 4227 532 4298 rs.
739 4209 743 4336 1
1091 4226 1144 4296 nr.

1145 4335 1465 4348 ——u-——n
