3500 5052
635 429 857 500 ..21-

159 670 221 716 res
245 649 289 715 ad
312 648 445 716 bellum
466 648 686 737 pertinentes
702 655 907 731 tractentur,
930 645 993 714 sed
1009 645 1117 714 etiam
1134 645 1171 712 in
1188 653 1340 732 utraque

157 764 284 823 orator
307 777 399 841 eum,
422 755 467 822 ad
492 776 598 842 quem
620 753 788 841 loquitur,
817 753 1029 837 cohortetur,
1056 761 1098 820 ut
1120 773 1159 819 se
1182 751 1339 819 adiuvet.

163 861 303 930 Deinde
337 883 379 930 eo
414 883 556 949 quoque
589 861 683 928 inter
705 883 743 928 se
767 860 969 944 concinunt,
1004 850 1099 946 quod
1126 858 1163 924 in
1189 868 1340 945 utraque

164 969 288 1036 eadem
322 971 396 1037 lere
430 966 601 1035 orationis
635 967 815 1035 contentio
843 976 908 1035 est.
955 968 1056 1051 Quae
1080 987 1160 1032 cum
1184 965 1236 1032 ita
1254 965 1339 1049 sint,

158 1075 195 1144 si
218 1097 304 1143 vera
329 1083 456 1159 essent,
481 1096 574 1162 quae
598 1077 820 1141 Hartmanns
844 1074 888 1140 de
910 1073 1165 1161 particularum
1190 1092 1257 1139 usn
1282 1092 1339 1138 ne·

157 1181 315 1248 cessario
338 1189 446 1268 atque
470 1191 570 1248 extra
594 1181 775 1268 scriptoris
798 1181 1022 1248 voluntatem
1045 1179 1162 1267 posito
1182 1177 1339 1267 protulit,

162 1287 230 1355 hos
265 1288 354 1355 duos
388 1291 484 1356 locos
519 1297 764 1377 comparantes
798 1310 864 1355 nos
899 1287 1051 1355 eundem
1084 1285 1339 1374 particularum

162 1416 280 1480 nsum,
315 1396 463 1462 eandem
493 1395 631 1483 copiam
654 1395 808 1484 reperire
831 1403 1020 1482 oporteret.
1065 1393 1137 1463 Sed
1161 1393 1339 1481 quomodo

162 1523 201 1568 re
224 1524 308 1568 vera
330 1501 366 1569 id
391 1503 580 1570 sehabet?
624 1505 665 1569 In
691 1502 808 1589 priore
831 1501 991 1570 oratione
1015 1510 1130 1570 totum
1155 1522 1270 1587 genus
1290 1500 1340 1566 di-

164 1607 266 1674 cendi
294 1608 596 1695 simplicissimum
626 1620 689 1693 est,
719 1608 973 1696 particularum
998 1629 1083 1675 usus
1107 1628 1208 1674 rarus
1231 1616 1339 1694 atque

159 1713 267 1780 exilis
291 1751 334 1762 —
356 1714 394 1780 in
416 1715 610 1801 posteriore
628 1715 768 1801 generis
785 1713 925 1780 dicendi
941 1735 1081 1781 summa
1097 1712 1252 1781 varietas
1269 1723 1338 1780 est:

161 1840 391 1886 numerorum
426 1842 468 1887 ac
501 1819 726 1907 periodorum
761 1841 902 1887 summa
932 1841 988 1886 ars
1021 1829 1057 1886 et
1084 1819 1338 1906 particularum

165 1925 322 1993 maxima
347 1926 458 2014 copia.
505 1930 548 1993 In
570 1927 687 2014 priore
710 1925 870 1994 oratione
890 1935 1026 2014 septem
1040 1926 1127 1998 locis
1143 1925 1339 2014 particulae

163 2033 346 2120 leguntur,
369 2055 414 2100 ex
437 2033 565 2120 quibus
589 2035 699 2101 altera
724 2043 778 2101 est
799 2032 868 2120 μέν,
892 2033 1004 2101 altera
1020 2023 1113 2118 ἄλλά,
1136 2042 1275 2101 ceterae
1290 2033 1338 2117 ds';

161 2139 201 2206 in
217 2139 410 2228 posteriore
426 2140 654 2228 undeviginti
670 2141 866 2228 particulae
879 2139 1141 2208 diversissimae
1151 2139 1338 2226 leguntur:

159 2246 279 2313 sexies
302 2246 370 2333 μέν,
405 2248 515 2314 semel
539 2247 584 2332 δέ,
620 2247 808 2336 quinquies
831 2244 904 2337 μήν,
938 2246 1127 2336 quinquies
1150 2272 1196 2338 ys,
1229 2247 1338 2313 semel

161 2351 279 2438 τοίνυν,
313 2355 423 2422 semel
456 2344 553 2424 ἄλλά.
600 2354 833 2422 Posteriorem
861 2353 1057 2422 orationem
1080 2354 1338 2442 perlustrantes

161 2459 405 2547 intellegimus
429 2461 559 2548 ubique
574 2461 828 2550 particularum
849 2458 923 2550 μήν,
946 2487 984 2552 ys
998 2458 1073 2552 μήν,
1095 2461 1153 2529 καὶ
1166 2457 1234 2552 μήν
1250 2499 1284 2510 -
1301 2479 1341 2551 γε·

163 2567 360 2651 positarum
395 2569 530 2638 nullam
565 2569 671 2635 aliam
702 2589 847 2636 causam
875 2590 952 2636 esse
975 2567 1044 2635 nisi
1068 2569 1163 2656 qnod
1186 2568 1256 2635 illis
1280 2568 1339 2634 ad-

162 2671 327 2740 hibendis
355 2674 505 2761 scriptor
533 2686 596 2742 aut
619 2675 808 2743 transitum
842 2675 909 2742 sibi
934 2695 1138 2761 comparare
1162 2683 1226 2742 aut
1249 2675 1338 2741 duas

161 2799 218 2844 res
234 2779 382 2848 alteram
399 2779 500 2848 alteri
517 2803 695 2868 opponere
712 2780 875 2865 voluerit,
899 2802 969 2868 qua
985 2782 1029 2848 de
1045 2802 1083 2848 re
1099 2802 1207 2869 supra
1221 2783 1269 2869 (p.
1283 2777 1337 2869 19)

159 2884 250 2951 satis
274 2886 409 2954 dictum
434 2897 498 2956 est.
762 2879 765 2886 ’

587 3121 908 3131 ——-—-———-

579 3347 712 3454 Caput
738 3349 925 3432 alterum.

165 3551 168 3555 ·
269 3523 388 3593 Priore
410 3526 526 3614 capite
549 3548 609 3594 eas
624 3527 814 3616 praecipue
835 3527 1071 3614 quaestiones,
1094 3549 1182 3615 quas
1200 3528 1338 3596 Ditten-

156 3633 332 3719 bergerus
363 3631 529 3717 institnit,
557 3632 757 3701 rectissime
788 3656 827 3700 se
854 3633 985 3701 habere
1009 3634 1259 3721 cognovimns;
1293 3657 1337 3702 ex

156 3737 291 3826 quibus
314 3738 398 3824 quid
413 3733 584 3825 prodie'rit
607 3739 761 3809 breviter
786 3750 827 3807 nt
842 3761 1019 3828 exponam
1038 3762 1093 3809 res
1107 3763 1203 3809 nuuc
1216 3751 1338 3829 postn-

159 3845 219 3912 lat.
253 3844 551 3932 Dittenbergerus
567 3845 603 3912 in
617 3846 918 3914 commentatione
930 3867 1038 3933 supra
1051 3858 1336 3933 commemorata,

155 3972 231 4040 qna
254 3973 336 4019 eum
359 3952 613 4039 particularum
636 3949 721 4044 (μήν,
747 3977 783 4042 γε
798 3949 875 4044 μήν)
899 3974 967 4021 usn
983 3954 1206 4022 observando
1221 3956 1338 4026 ordini

155 4056 411 4145 chronologico
444 4057 667 4145 dialogorum
697 4059 854 4127 Platonis
887 4062 1004 4128 lucem
1039 4061 1202 4129 attulisse
1229 4084 1337 4152 supra

154 4163 244 4249 dixi,
260 4186 323 4252 per
337 4164 595 4251 digressionem
610 4167 860 4254 Xenophontis
877 4187 1018 4258 qnoque
1033 4169 1164 4257 scripta
1179 4165 1337 4258 respexit

154 4271 355 4359 eademque
373 4272 511 4340 ratione
533 4273 681 4342 definire
704 4273 850 4359 studuit,
873 4274 1002 4362 quibus
1018 4277 1236 4364 temporibus
1255 4277 1336 4344 libri

154 4377 410 4465 Xenophontei
444 4380 630 4468 compositi
665 4390 792 4449 essent.
843 4380 934 4449 Cum
967 4381 1081 4470 igitur
1109 4383 1337 4472 perquireret,
