3500 5052
702 458 924 527 ..17-

221 663 314 740 όπλα
327 726 334 740 .
348 725 377 741 ..
402 679 498 740 τοῦτο
521 675 558 742 δὲ
585 671 734 766 ποιήσας
756 671 851 742 ἔλυσε
873 672 933 760 μέν
955 679 1022 740 τῶν
1039 671 1208 740 πλείστων
1224 671 1397 759 πολεμίων

219 772 278 870 τήν
289 777 324 847 έν
335 786 410 860 ταῖς
422 785 544 868 ψυχαῖς
556 777 645 870 πρός
654 778 764 872 μάχην
774 779 994 872 παρασκευήν,
1009 830 1016 847 .
1030 834 1037 848 .
1051 777 1151 847 ,ἐπεί
1160 805 1197 870 γε
1205 776 1272 868 μὴν
1285 806 1398 869 παρα·

221 888 329 976 γαγαὶν
350 879 510 966 τοῖς...
535 884 736 972 λόχους...,
765 885 840 954 τότε
863 885 948 976 δή..
982 890 1039 953 Ne
1062 886 1130 953 hoc
1153 886 1295 972 quidem
1319 887 1398 954 loco

222 993 296 1059 ulla
313 1014 420 1059 causa
436 993 668 1080 intellegitur,
692 1015 754 1060 cur
770 993 919 1080 scriptor
935 1018 972 1083 γε
988 990 1053 1082 ιιήν
1069 992 1237 1059 adhibere
1254 1001 1397 1060 coactus

222 1099 329 1166 luerit
353 1121 418 1166 nec
440 1099 543 1165 facile
565 1099 753 1187 quisquam
776 1100 877 1166 illum
902 1122 973 1167 non
997 1099 1116 1166 minus
1140 1108 1222 1186 apte
1246 1099 1398 1186 simplex

220 1204 298 1272 ἐπεὶ
322 1205 359 1273 δέ
382 1207 439 1273 vel
463 1205 541 1273 ἐπεὶ
555 1205 668 1293 μέντοι
684 1207 835 1274 scribere
851 1207 1010 1294 potuisse
1026 1205 1224 1293 negaverit.
1254 1209 1396 1272 Praeter

220 1333 288 1396 eos,
317 1334 405 1400 quos
433 1313 611 1401 descripsi,
639 1316 704 1381 hos
731 1315 827 1382 locos
851 1316 969 1397 allero,
993 1313 1123 1401 quibus
1145 1310 1211 1402 μήν
1234 1313 1286 1403 (γε
1315 1309 1395 1402 μήν)

221 1418 297 1485 sine
326 1422 399 1486 ulla
429 1421 639 1488 necessitate
662 1422 816 1508 positum
842 1431 911 1488 est:
948 1421 1042 1489 Hist.
1060 1421 1121 1488 Gr.
1146 1423 1197 1489 Vl
1222 1417 1310 1503 1,19
1334 1419 1397 1486 bis.

221 1521 251 1610 2,
263 1523 316 1592 29.
342 1528 412 1595 VII
437 1525 468 1608 1,
486 1525 538 1596 26.
562 1525 592 1613 3,
609 1526 639 1595 7.
664 1529 693 1613 4,
709 1526 761 1596 28.
817 1529 1018 1594 Nonnullos
1043 1549 1183 1614 quoque
1210 1528 1306 1594 locos
1340 1526 1398 1592 ad-

221 1633 336 1714 iciam,
365 1634 494 1721 quibu's
522 1635 578 1702 καὶ
605 1633 671 1725 μήν
699 1636 777 1701 sine
806 1636 878 1701 ulla
906 1635 1118 1701 necessitate
1147 1633 1396 1701 tantummodo

223 1738 267 1805 ad
297 1741 485 1807 transitum
515 1741 741 1808 efficiendum
770 1745 980 1828 usurpatum
1010 1750 1079 1806 est:
1117 1740 1211 1806 Hist
1241 1741 1301 1807 Gr.
1324 1741 1395 1807 VII

220 1846 251 1927 4,
266 1842 320 1913 24.
344 1843 396 1910 27.
422 1843 474 1913 30.
498 1846 527 1931 ὁ,
543 1845 596 1913 23.
619 1845 671 1913 25.
726 1847 796 1913 Hic
830 1846 1106 1913 commonefacio
1137 1847 1182 1912 de
1214 1845 1272 1928 iis,
1306 1866 1396 1931 quae

222 1953 519 2039 Dittenbergerus
542 1954 587 2020 de
610 1975 678 2020 usu
701 1954 955 2040 particularum
978 1951 1045 2043 μήν
1068 1963 1103 2021 et
1128 1978 1165 2043 γε
1186 1950 1254 2042 μήν
1277 1952 1314 2018 in
1335 1952 1399 2018 mi·

221 2059 365 2126 notibus
393 2060 604 2148 quibusdam
629 2061 879 2148 Xenophontis
907 2060 1056 2148 scriptis,
1088 2083 1179 2148 quae
1209 2071 1295 2126 sunt
1317 2059 1398 2126 ulti-

221 2188 301 2233 mae
332 2167 512 2254 scriptoris
543 2168 685 2251 aetatis,
713 2167 926 2235 observavit.
985 2167 1046 2236 Sic
1078 2152 1170 2233 sine¹
1188 2167 1261 2232 ulla
1290 2187 1396 2232 causa

219 2269 285 2362 μήν
308 2279 358 2361 (γε
380 2271 457 2362 μήν)
481 2274 614 2362 legitur
637 2274 675 2341 in
693 2275 748 2341 Re
770 2274 912 2362 publica
929 2274 1055 2346 Laced.
1080 2274 1150 2341 V11
1177 2272 1206 2340 1.
1223 2271 1252 2340 ὃ.
1269 2268 1298 2355 6,
1315 2293 1396 2338 cum

219 2379 299 2446 aliis
314 2379 497 2466 particulis
514 2382 742 2450 coniunctum
758 2379 826 2472 μήν
842 2381 998 2469 positum
1015 2391 1070 2449 est
1086 2380 1218 2448 ibidem
1233 2376 1345 2448 V113.
1367 2380 1397 2445 4.

221 2486 359 2553 Deinde
382 2487 419 2553 in
443 2489 571 2574 libello,
595 2489 656 2578 qui
680 2487 788 2579 Πόροι
810 2488 1022 2572 inscribitur,
1044 2485 1111 2578 μήν
1134 2495 1336 2554 constanter
1352 2487 1397 2553 ad

220 2614 354 2660 novum
386 2596 612 2664 enuntiatum
644 2597 887 2684 incipiendum
916 2595 1120 2662 adhibetur:
1154 2593 1264 2661 1111.
1300 2590 1331 2659 2.
1364 2591 1399 2662 5.

220 2695 273 2766 12.
297 2702 349 2769 IV
373 2700 391 2765 1
414 2703 648 2790 plurimisque
672 2705 751 2770 aliis
773 2704 871 2771 locis.

327 2807 403 2874 lam
427 2810 656 2876 ostendamus
681 2810 726 2876 ab
750 2811 861 2877 altera
885 2818 985 2896 parte
1002 2811 1244 2874 Hartmanum
1269 2807 1313 2870 de
1329 2823 1397 2871 usu

220 2913 424 2997 particulae
433 2911 499 3004 μήν
514 2915 602 2982 lalsa
618 2917 752 2984 docere.
793 2915 897 3000 Quod
918 2936 989 3001 quo
1005 2913 1143 2980 facilius
1160 2912 1398 2996 absolvamuS,

221 3038 334 3084 unum
370 3021 572 3106 exemplum
608 3041 713 3108 quam
742 3021 967 3108 aptissimum
996 3019 1251 3086 exhibebimus.
1302 3018 1397 3085 Hist.

221 3123 324 3190 Gal
360 3121 389 3209 7,
401 3121 442 3192 21
479 3148 555 3214 sqq.
589 3128 678 3194 haec
711 3128 880 3214 legimus:
915 3119 1002 3193 κατὰ
1035 3130 1133 3192 τοῦτο
1167 3117 1207 3191 τὸ
1236 3122 1398 3214 ψήφισμα

220 3228 343 3299 κελεύω
377 3231 556 3321 κρίνεσθαι
589 3229 667 3314 τοδς
702 3229 903 3324 στρατήγούς
933 3221 1050 3322 καῖ’νή
1074 3230 1143 3301 Δία
1168 3283 1176 3299 .
1201 3282 1209 3298 .
1233 3282 1241 3300 .
1264 3237 1399 3320 πρῶτον

219 3338 387 3428 Περικλέα
410 3387 492 3407 ...
513 3345 613 3408 τοῦτο
631 3331 693 3408 δἐἰ
718 3334 764 3432 μή
787 3337 962 3427 βούλεσθε,
987 3332 1071 3408 κατὰ
1098 3335 1195 3407 τόνδε
1216 3334 1275 3406 τόν
1297 3336 1398 3425 νόμον

219 3443 355 3532 κρίνατε,
385 3437 422 3526 ὅς
445 3445 535 3515 ἐστιν
557 3447 620 3515 ἐπὶ
641 3454 713 3528 τοῖς
735 3445 919 3537 ἱεροσύλοις
940 3447 996 3515 καὶ
1020 3443 1206 3536 προδόταις
1229 3497 1238 3515 .
1263 3499 1270 3514 .
1294 3496 1302 3514 .
1325 3442 1398 3513 τοό·

219 3577 286 3620 των
310 3545 465 3644 ὁποτέρῳ
487 3553 652 3641 βούλεσθε
669 3561 802 3643 ....τῷ
824 3553 916 3643 νόμῳ
937 3554 1127 3644 κρινέσθων
1150 3551 1182 3621 οῖ
1207 3541 1323 3641 ἄνδρες
1462 3556 1466 3562 ’

219 3659 346 3728 τούτων
362 3662 400 3728 δέ
423 3661 623 3751 γιγνομένων
646 3658 678 3727 οῖ
694 3661 756 3746 μὲν
772 3651 962 3740 οῖδικοῦντες
983 3659 1152 3740 τεόξονται
1167 3666 1227 3751 τῆς
1240 3657 1399 3749 μεγίστης

219 3766 388 3855 τιμιορίας,
419 3765 450 3834 οῖ
474 3759 650 3835 δὀῖναίτιοι
674 3765 1003 3858 ἐλευθερωθήσονται
1030 3818 1037 3832 .
1063 3818 1070 3832 .
1096 3817 1104 3832 .
1128 3759 1224 3851 ὑμεῖς
1249 3765 1287 3833 δέ
1313 3764 1398 3832 κατὰ

220 3870 278 3942 τόν
301 3871 400 3960 νόμον
424 3865 632 3958 εόσεβοῖντες
656 3925 663 3938 .
688 3925 695 3942 .
721 3880 980 3961 ,κρινεῖτε
1004 3871 1038 3939 τί
1061 3871 1097 3939 δέ
1120 3871 1178 3938 καὶ
1201 3870 1350 3951 δεδιότες
1364 3923 1371 3938 .
1386 3922 1403 3961 ·.

219 3973 325 4061 οὕτως
348 3980 541 4071 ἐπείγεσθε
565 3975 587 4071 ‘q‘
609 3975 655 4071 μή
672 3972 732 4066 σδχ
754 3973 848 4066 όμεῖς
871 3967 909 4046 ὃν
925 3973 965 4073 ἂν
979 3972 1150 4070 βούλήσθε
1174 3968 1395 4070 ἀποκτείνητε

219 4089 275 4157 καὶ
310 4085 556 4177 έλειδεριόσητε
580 4135 719 4156 .....
742 4081 814 4155 ἄλλ’
841 4083 925 4167 ίσως
953 4075 994 4153 όν
1016 4111 1090 4154 τινα
1119 4085 1175 4153 καὶ
1203 4075 1262 4152 οίκ
1289 4081 1398 4152 αἴτιον

221 4186 299 4265 ’όντα
323 4186 559 4264 οῖποκτείναιτε
582 4245 634 4263 ...
659 4188 752 4263 δεινὰ
768 4184 798 4260 δ’
800 4182 840 4260 όν
856 4191 1045 4284 ποιήσαιτε,
1070 4190 1100 4260 εἰ
1124 4189 1328 4281 Ἀριστάρχῳ
1345 4240 1396 4258 ...

219 4300 313 4372 &tora
338 4293 459 4392 ἡμέραν
483 4291 782 4390 οῖπολομήσασθαι,
808 4351 816 4367 .
843 4352 850 4367 .
876 4350 884 4368 .
907 4293 985 4380 τοῖς
1006 4299 1044 4368 δέ
1066 4291 1268 4390 στρατήγοδς
1292 4348 1300 4364 .
1325 4350 1332 4366 .
1357 4347 1364 4364 .
1389 4346 1398 4364 .

218 4407 344 4478 Ιτούτων
371 4398 630 4498 οῖποστερήσετε.
657 4399 703 4496 μή
728 4398 821 4494 δμεῖς
843 4432 889 4496 με,
914 4397 940 4473 ὦ
963 4396 1152 4497 Ἀθηναῖοι,
1176 4394 1249 4472 ἄλλ’
1273 4400 1397 4470 ἑαυτῶν
