3500 5052
624 447 848 518 ..19-

155 675 192 733 et
219 660 266 757 aq*
293 656 387 752 ὑμεῖς
409 691 445 757 γε
470 718 477 733 .
503 717 510 734 .
537 720 543 734 .
570 718 577 732 .
623 668 797 754 Apertum
827 673 881 732 est
908 663 1026 732 verbis
1048 658 1093 755 μὴ
1118 656 1211 750 ὑμεῖς
1234 655 1335 753 γε,ὦ

154 763 338 864 Ἀθηναῖοι,
369 793 449 840 cum
475 773 604 856 omnia,
634 793 725 860 quae
748 779 956 860 sequuntur,
983 771 1140 838 maxima
1164 770 1334 837 orationis

157 881 384 949 contentione
413 879 517 963 allici,
552 889 628 946 tum
657 878 872 946 sententiam
896 877 1141 965 insequentem
1167 876 1335 944 acerrime

158 987 331 1074 superiori
367 985 499 1075 opponi
535 1023 577 1034 -
614 996 804 1072 utrumque
828 987 1051 1052 Hartmanus
1083 1004 1227 1051 causam
1255 1003 1337 1051 esse

155 1092 251 1176 dicit,
276 1115 346 1180 qua
369 1091 570 1179 Xenophon
593 1090 660 1182 μήν
682 1102 723 1160 ut
745 1100 856 1180 ponat
879 1100 1156 1158 commoveatur.
1202 1090 1333 1174 Quam-

154 1221 263 1286 quam
280 1193 439 1268 hocloco
455 1199 546 1266 duae
565 1199 798 1285 gravissimae
813 1219 942 1271 causae
959 1207 1110 1282 exstant,
1134 1218 1197 1263 eur
1212 1210 1333 1264 tamen

155 1305 306 1394 scriptor
328 1305 538 1394 particulam
562 1303 627 1397 μήν
651 1325 722 1374 non
746 1303 931 1374 adhibuit?
975 1307 1115 1394 Nempe
1139 1303 1233 1392 quod
1258 1326 1338 1392 par-

157 1413 344 1480 ticularum
369 1435 455 1481 usus
472 1436 553 1497 non,
577 1423 618 1481 ut
635 1415 856 1481 Hartmanus
873 1411 968 1498 dicit,
994 1419 1093 1480 extra
1110 1412 1334 1480 voluntatem

156 1519 339 1608 scriptoris
362 1519 499 1609 positus
525 1531 585 1604 est,
621 1517 683 1588 sed
707 1544 752 1588 ex
775 1519 921 1588 arbitrio
945 1519 1021 1587 eius
1044 1521 1185 1608 pendet,
1216 1528 1335 1586 utrum

159 1626 350 1714 particulas
373 1648 504 1714 ponere
521 1625 609 1694 velit
632 1649 753 1711 necne,
778 1637 813 1695 et
836 1648 924 1715 quas
941 1623 1109 1692 adhibere
1125 1621 1221 1710 velit,
1246 1646 1335 1712 quas

157 1752 232 1799 non
259 1734 353 1800 velit.

269 1843 374 1906 Porro
391 1841 613 1906 Hartmanus
637 1838 724 1906 dicit
739 1861 773 1926 p.
787 1837 827 1904 51
847 1861 895 1926 sq.
912 1839 949 1905 in
967 1835 1118 1926 simplici
1135 1836 1337 1906 narratione

157 1945 367 2035 particulam
391 1943 457 2035 μήν
480 1945 530 2033 (in
548 1939 798 2034 Expeditione)
822 1967 900 2012 raro
924 1944 1085 2030 inveniri,
1110 1954 1230 2012 tamen
1255 1966 1334 2012 eam

156 2052 330 2141 usurpari,
349 2050 409 2119 ubi
429 2053 602 2138 „narratio
620 2051 733 2119 autin
750 2049 1054 2120 demonstratione
1070 2053 1188 2119 locum
1205 2052 1336 2119 habeat

154 2167 222 2228 aut
249 2163 326 2248 ipsa
356 2160 402 2226 sit
425 2159 720 2227 demonstrationi
742 2159 899 2227 similis.“
950 2155 1045 2227 Hist.
1062 2159 1158 2227 Gal
1183 2151 1267 2238 212
1289 2160 1339 2226 le·

156 2268 291 2355 gimus:
326 2262 384 2334 τὸν
419 2265 456 2334 δὲ
491 2263 704 2348 Καλλίξεινον
740 2263 1028 2356 προσεκαλέσαντο
1055 2264 1234 2355 παράνομα
1269 2263 1337 2356 φά-

74 2397 79 2402 ·
156 2393 293 2454 οκοντες
328 2374 582 2466 συγγεγραφέναι
612 2363 869 2462 Εὖρνποόλεμός
901 2398 937 2441 τε
964 2363 981 2440 ὁ
1009 2369 1255 2455 Πεισιάνακτος
1279 2371 1337 2440 καὶ

155 2469 252 2548 ἶν’λλοι
268 2481 368 2560 τινές.
402 2486 460 2548 τοῦ
489 2477 525 2548 δὲ
549 2479 653 2569 δῆμον
678 2479 759 2550 ἔνιοι
782 2481 887 2548 ταῦτα
909 2477 1062 2571 ἐπῄνουν,
1091 2473 1183 2548 τὸδὲ
1201 2479 1338 2570 πλῆθος

158 2581 240 2672 ε’βόα
269 2582 377 2654 δεινὸν
404 2583 497 2668 εἶναι,
530 2583 561 2654 εἰ
587 2585 634 2676 μή
661 2613 712 2664 τις
730 2585 834 2656 ’ἐάσει
857 2583 914 2654 τὸν
941 2590 1045 2678 δῆμον
1069 2584 1230 2676 πράττειν
1254 2575 1272 2654 ὃ
1297 2582 1338 2655 ἂν

157 2690 327 2783 βούληται.
375 2693 548 2780 Sumptus
573 2705 627 2760 est
649 2694 708 2760 hic
735 2695 833 2760 locus
857 2716 901 2760 ex
926 2716 967 2761 ea
990 2705 1090 2782 parte
1118 2694 1221 2781 primi
1248 2691 1338 2778 libri,

157 2815 230 2886 qua
257 2799 405 2887 scriptor
441 2801 689 2887 gravissimam
726 2822 767 2866 ac
796 2799 1034 2868 tristissimam
1063 2801 1160 2867 illam
1189 2799 1233 2866 de
1256 2807 1337 2866 octo

158 2905 308 2972 ducibus
344 2927 487 2973 causam
524 2916 653 2989 narrat,
686 2915 727 2972 ut
751 2906 812 2974 vix
835 2927 926 2993 opus
951 2905 998 2973 sit
1021 2905 1150 2972 addere
1173 2903 1234 2973 illo
1257 2907 1336 2972 loco

158 3027 335 3078 summam
361 3011 559 3078 animorum
584 3010 887 3098 perturbationem
910 3012 1071 3100 iramque
1094 3003 1342 3097 demonstrari,'

155 3141 200 3184 ac
234 3141 271 3184 re
302 3137 385 3185 vera
414 3118 492 3205 quis
521 3128 583 3202 est,
618 3117 677 3205 qui
706 3128 817 3206 neget
840 3114 948 3186 verba
971 3114 1010 3186 τὸ
1034 3120 1072 3186 δὲ
1095 3121 1233 3210 πλῆθος
1255 3117 1337 3206 ἐβόα

154 3218 264 3293 δεινὸν
300 3219 392 3309 εἶναι,
428 3241 519 3312 quae
555 3247 617 3311 per
651 3247 690 3291 se
721 3225 765 3292 ob
795 3221 940 3292 modum
971 3247 1239 3313 numerumque,
1266 3225 1335 3314 ¹qui

158 3331 280 3398 Ionico
296 3331 422 3398 similis
439 3340 501 3415 est,
518 3329 862 3418 gravissimamque,
878 3340 919 3399 ut
931 3332 981 3399 ita
994 3331 1120 3418 dicam,
1136 3327 1337 3400 tristissime

155 3448 295 3523 sonant,
318 3438 473 3505 maxima
497 3435 666 3505 orationis
694 3439 920 3506 contentione
945 3439 1072 3507 allecta
1096 3445 1132 3508 et
1154 3447 1336 3529 praeterea

160 3545 288 3630 verbis,
312 3567 402 3633 quae
419 3544 642 3629 antecedunt,
666 3547 835 3613 acerrime
851 3547 1014 3634 opposita
1031 3549 1126 3615 esse?
1158 3531 1348 3635 Equidem

156 3673 294 3736 censeo,
329 3652 357 3718 si
400 3673 554 3738 unquam
592 3674 699 3720 causa
735 3675 776 3718 ac
811 3653 1002 3720 necessitas
1025 3653 1139 3739 fuerit,
1174 3651 1236 3721 illo
1259 3654 1337 3721 loco

157 3757 389 3846 Xenophonti
425 3758 616 3845 particulas
651 3757 718 3848 μήν
741 3763 791 3848 (γε
814 3756 893 3850 μήν)
916 3761 1098 3848 ponendas
1121 3761 1241 3828 luisse.
1289 3760 1337 3827 At

159 3904 203 3915 -
232 3864 321 3931 nihil
352 3865 523 3932 eiusmodi
553 3865 764 3932 invenimus.
810 3865 891 3932 Tali
918 3867 995 3933 loco
1020 3876 1099 3933 cum
1123 3861 1243 3934 iudicii
1268 3867 1336 3934 sin-

157 3971 306 4039 ceritate
330 3972 518 4040 observato
541 3994 627 4040 num
650 3973 730 4061 quis
753 3973 829 4058 erit,
851 3973 911 4060 qui
930 3969 1119 4040 Hartmani
1135 3973 1235 4061 leges
1260 3991 1337 4042 nor·

155 4101 307 4166 masque
331 4100 416 4154 usus
440 4080 693 4166 particularum
718 4088 812 4148 stare
836 4081 991 4147 censeat!

270 4185 478 4273 Priusquam
502 4187 600 4259 hanc,
618 4207 691 4254 rem
717 4187 862 4255 omnino
886 4187 1123 4272 absolvamus,
1147 4189 1235 4256 utile
1258 4211 1336 4256 esse

157 4291 406 4359 existimamus
431 4294 473 4358 ad
499 4293 544 4376 id,
569 4294 660 4380 quod
685 4295 861 4378 volumus,
886 4295 1211 4379 demonstrandum,
1247 4296 1335 4360 duas

156 4409 278 4485 partes
312 4399 511 4466 orationum
547 4401 693 4468 alteram
721 4401 823 4468 iuxta
852 4402 1000 4468 alteram
1029 4402 1163 4488 positas
1192 4402 1236 4467 de
1259 4421 1336 4487 par·
