3500 5052
823 371 1046 439 „34-

457 586 556 653 Idem
577 587 670 674 qnod
687 586 857 674 proximis
874 587 1006 655 tabulis
1023 587 1081 655 hic
1096 609 1237 676 quoque
1252 601 1408 676 apparet
1432 593 1528 657 Nam

350 691 456 758 etiam
480 693 580 759 verbi
604 684 709 780 ὁρμᾶν
731 694 888 762 activum
914 704 950 760 et
973 694 1129 761 medium
1155 695 1279 762 eodem
1304 718 1411 764 sensu
1428 719 1529 764 usur-

348 808 462 884 patur,
479 799 587 864 etiam
604 798 712 866 huius
728 800 827 866 verbi
843 799 880 866 in
894 803 923 865 A
942 800 1099 867 activum
1117 801 1261 888 (duplo),
1277 800 1315 867 in
1328 804 1356 868 B
1368 803 1526 870 medium

347 904 482 992 (triplo)
511 907 716 992 praevalere
739 905 883 974 tabulae
907 907 1045 973 docent.
1092 909 1189 976 Usus
1212 907 1324 994 partis
1349 911 1377 974 B
1400 909 1526 976 ceteris

348 1012 486 1078 duobus
516 1012 614 1079 libris
648 1013 886 1096 confirmatur,
924 1013 985 1080 sed
1012 1011 1235 1098 Thucydidis
1266 1035 1352 1081 usus
1385 1015 1526 1082 dicendi

347 1118 484 1186 alienus
508 1129 564 1186 est
587 1120 632 1186 ab
656 1142 724 1187 usu
748 1121 859 1206 partis
876 1123 915 1186 A
963 1121 1064 1205 Quae
1088 1142 1153 1204 res,
1178 1142 1259 1187 cnm
1283 1142 1355 1188 non
1375 1123 1419 1187 de
1434 1122 1525 1189 libro

348 1226 610 1311 Xenophonteo
627 1235 766 1311 agatur,
790 1227 1000 1312 nentiquam
1015 1227 1066 1292 rei
1083 1236 1225 1293 nostrae
1239 1227 1437 1314 periculosa
1454 1239 1523 1295 est:

346 1331 431 1398 licet
463 1331 565 1398 nobis
597 1333 713 1399 dicere
747 1333 783 1398 in
814 1355 886 1398 una
913 1332 980 1398 hac
1009 1356 1046 1399 re
1069 1330 1316 1417 Thucydidem
1341 1335 1523 1422 proprium

348 1460 454 1505 usum
477 1438 587 1525 sequi,
611 1439 672 1525 qui
696 1449 736 1505 ut
753 1460 834 1505 cum
851 1460 919 1505 usu
935 1438 1185 1526 Xenophontis
1205 1439 1370 1507 concinat
1385 1462 1430 1508 ne
1446 1442 1525 1529 quis

347 1546 512 1632 postulet.
559 1546 630 1614 Sed
656 1541 849 1631 ¹indignum
874 1545 975 1612 nobis
998 1544 1140 1612 videtur
1164 1567 1240 1612 esse
1270 1546 1308 1612 in
1332 1547 1394 1614 tali
1418 1569 1526 1614 causa

348 1651 542 1739 quiescere:
573 1675 663 1740 opus
693 1664 746 1720 est
770 1674 844 1719 rem
869 1652 1068 1719 accuratius
1092 1652 1256 1739 persequi
1280 1662 1316 1719 et
1338 1653 1522 1739 inquirere,

347 1759 432 1846 qnid
464 1781 592 1826 causae
623 1761 678 1842 sit,
714 1781 776 1827 cur
808 1759 844 1824 in
874 1781 945 1826 nno
974 1760 1035 1826 illo
1059 1760 1168 1826 verbo
1191 1781 1277 1826 usus
1300 1758 1521 1845 Thucydidis

348 1866 484 1934 alienus
508 1868 555 1934 sit
578 1868 621 1935 ab
647 1889 713 1934 usu
737 1867 847 1955 partis
871 1870 912 1932 A.

453 1973 624 2060 Singulos
649 1975 753 2053 locos,
777 1995 927 2060 qnorum
951 1993 1118 2039 numeros
1141 1993 1248 2060 supra
1273 1974 1464 2059 composui,
1490 1975 1522 2041 si

348 2081 586 2169 inspiciemus,
610 2081 856 2167 Thucydidem
881 2080 1011 2146 mirum
1035 2079 1072 2144 in
1097 2079 1241 2146 modum
1266 2079 1460 2167 perlectum
1485 2091 1521 2148 et

347 2189 732 2276 plusquamperfectum
769 2198 910 2274 tempus
943 2185 1041 2252 verbi
1076 2176 1246 2273 ὁρμᾶσθαι
1274 2207 1445 2274 usurpare
1468 2209 1522 2254 co

348 2318 576 2384 gnoscemus:
615 2295 707 2361 inter
731 2293 1057 2380 undeseptuaginta
1081 2293 1212 2358 formas
1235 2293 1343 2358 medii
1374 2294 1523 2380 triginta

345 2415 431 2472 sunt
458 2402 604 2490 perlecti
635 2411 671 2467 et
698 2399 1046 2487 plusquamperfecti.
1094 2398 1229 2482 Quodsi
1260 2400 1523 2468 consideramus

348 2511 544 2599 perlectum
569 2520 606 2574 et
628 2508 1014 2595 plusquamperfectum
1038 2505 1147 2572 activi
1171 2505 1387 2572 intransitivi
1413 2497 1524 2598 ὥρμη-

346 2645 388 2684 κα
411 2627 447 2684 et
471 2608 634 2707 ιῦρμήνειν
658 2614 789 2682 usitata
813 2635 884 2679 non
908 2634 994 2696 esse,
1018 2613 1079 2679 sed
1103 2613 1207 2678 modo
1232 2604 1384 2702 ὥρμημαι
1409 2623 1445 2680 et
1465 2605 1523 2701 ὦρ

345 2721 465 2814 μήμην,
489 2725 620 2790 formas
645 2721 760 2805 medii,
784 2742 855 2787 non
871 2721 943 2786 iam
961 2719 1167 2786 mirabimur
1183 2740 1288 2785 usum
1304 2718 1411 2784 medii
1428 2721 1521 2806 apud

345 2830 591 2916 Thucydidem
614 2829 826 2916 praevalere.
872 2827 943 2895 Sed
964 2825 1099 2893 accedit
1122 2847 1237 2908 cansa,
1261 2846 1352 2911 quae
1374 2826 1522 2893 fortasse

347 2939 489 3025 gravior
512 2947 576 3005 est.
624 2937 769 3008 Etenim
791 2936 885 3022 apud
903 2933 1148 3018 Thucydidem
1164 2934 1358 3020 perfectum
1375 2940 1413 2999 et
1428 2935 1523 3020 plus-

346 3047 650 3135 qnampertectum
675 3042 774 3111 verbi
799 3033 971 3130 ὁρμᾶσθαι
995 3039 1200 3127 saepissime
1223 3039 1404 3107 notionem
1428 3061 1522 3127 pror-

346 3177 407 3223 sus
431 3147 538 3219 aliam
562 3153 704 3236 habent,
728 3171 820 3237 quae
843 3149 997 3236 primum
1023 3147 1166 3234 quidem
1191 3169 1234 3213 ex
1258 3148 1403 3215 notione
1427 3169 1523 3234 „pro-

345 3263 477 3329 fectum
506 3268 601 3327 esse“
634 3268 711 3325 orta
740 3279 781 3323 ac
810 3254 970 3322 derivata
999 3264 1062 3338 est,
1089 3263 1213 3341 postea
1242 3264 1362 3321 autern
1391 3255 1429 3320 in
1452 3275 1520 3320 usu

346 3367 487 3435 dicendi
516 3366 606 3432 nihil
636 3384 824 3432 commune
852 3362 922 3428 iarn
952 3363 1060 3428 habet
1088 3383 1169 3428 cum
1196 3361 1341 3428 notione
1365 3360 1523 3449 proficis-

346 3475 457 3542 cendi.
504 3472 613 3540 Cuius
637 3471 686 3537 rei
712 3471 916 3557 exemplum
941 3470 1007 3535 hoc
1024 3469 1179 3535 afferam.
1225 3466 1338 3535 Thnc.
1357 3471 1407 3536 VI
1432 3464 1521 3550 20,1

345 3582 517 3670 legimus:
548 3570 687 3669 Ἐπειδὴ
720 3576 858 3658 πάντας
887 3568 953 3665 ὁρῶ
982 3569 1078 3662 ιῗμᾶς,
1109 3567 1134 3642 ὦ
1157 3567 1344 3666 Ἀθηναῖοι,
1370 3565 1521 3665 ὡρμημέ-

347 3716 420 3770 νσνς
449 3685 646 3776 στρατεύειν,
676 3686 853 3774 ξυνενέγισι
881 3685 941 3770 μὲν
969 3689 1071 3751 ταῦτα
1100 3673 1144 3764 (dc
1169 3680 1373 3767 βουλόμεθα,
1399 3681 1461 3747 ἐπὶ
1483 3681 1521 3747 δὲ

344 3803 391 3888 τῷ
420 3793 572 3885 παρόντι,
603 3782 625 3863 d
654 3792 836 3883 γιγνώσκω,
870 3797 1006 3881 σημανῶ
1023 3843 1031 3857 .
1049 3843 1079 3858 ..
1131 3791 1233 3873 Quae
1262 3790 1370 3855 verba
1399 3786 1519 3853 Nicias

345 3906 381 3973 in
412 3906 577 3970 contione
606 3900 879 3968 Atheniensium
909 3899 996 3965 dicit
1023 3919 1116 3964 auno
1146 3918 1175 3964 a.
1192 3896 1271 3964 Chr.
1287 3917 1318 3962 n.
1335 3891 1410 3978 415,
1439 3913 1519 3960 cum

348 4012 584 4081 Athenienses
602 4031 683 4076 cum
702 4010 745 4075 ab
762 4008 841 4075 aliis
859 4017 935 4074 tum
950 4007 994 4072 ab
1006 4003 1188 4070 Alcibiade
1201 4003 1244 4069 ad
1258 4001 1520 4089 expeditionem

348 4120 570 4190 Siciliensem
611 4115 872 4204 suscipiendam
909 4113 1084 4200 proclives
1117 4133 1194 4178 esse
1229 4109 1367 4178 viderit.
1423 4111 1520 4179 Luce

347 4229 475 4295 clarius
503 4236 558 4295 est
588 4227 738 4292 {ormam
764 4215 972 4313 ὡρμημένους
995 4241 1110 4306 neque
1133 4241 1235 4286 suam
1259 4216 1436 4305 propriam
1461 4235 1521 4280 no·

348 4336 479 4403 tionem
507 4335 721 4422 „prolectos“
741 4333 871 4398 habere
887 4349 997 4415 posse,
1022 4329 1188 4416 qnoniam
1213 4324 1448 4394 Athenienses
1465 4343 1520 4388 ur-
