3500 5052
862 429 1082 498 ..16-

490 643 521 712 3.
545 646 578 712 V
594 641 624 728 8,
636 641 688 710 26.
712 642 852 729 114‚20
871 643 937 736 μήν
956 645 1111 734 positum
1129 656 1192 729 est,
1208 655 1249 712 ut
1265 659 1558 732 argumentorum

386 749 494 817 series
527 772 607 817 cum
642 751 768 818 ultimo
796 754 955 819 membro
982 753 1234 839 coniungatur;
1271 752 1349 840 ipsa
1377 757 1561 824 conclusio

383 856 581 943 legentium
603 858 813 944 prudentiae
835 859 1063 946 permittitur.

487 961 560 1031 4.1
589 961 619 1048 7,
640 963 672 1032 b.
702 964 804 1049 V16‚
828 965 849 1031 4
877 977 913 1034 et
941 967 1047 1034 simili
1075 968 1182 1034 modo
1211 963 1393 1052 1114,40;
1424 969 1455 1035 V
1485 964 1554 1051 8,ss

382 1067 448 1159 μήν
470 1069 615 1138 incohat
637 1095 859 1160 responsum,
883 1075 978 1162 quod
1001 1084 1064 1141 aut
1086 1075 1305 1141 demonstret
1333 1083 1396 1140 aut
1417 1074 1558 1140 refellat

384 1197 435 1260 ea,
459 1198 549 1263 quae
572 1187 655 1245 ante
678 1181 773 1247 dicta
797 1192 890 1249 sunt.

491 1286 543 1352 Ut
566 1307 615 1368 ea,
639 1306 729 1372 quae
748 1289 969 1354 Hartmanus
992 1287 1037 1353 de
1061 1288 1255 1373 particulae
1269 1285 1336 1374 μήν
1353 1308 1420 1354 usu
1437 1286 1559 1372 dispu-

381 1388 481 1468 tavit,
515 1391 724 1475 refellamus,
757 1393 871 1479 primo
899 1403 1060 1460 nostrum
1089 1394 1156 1460 erit
1183 1395 1422 1460 demonstrare
1450 1393 1557 1460 iniis

384 1497 633 1584 Xenophontis
657 1497 765 1582 libris,
793 1500 853 1587 qui
878 1500 990 1566 eidem
1014 1500 1086 1566 fere
1110 1500 1257 1586 tempori
1282 1501 1337 1564 cni
1364 1500 1555 1588 Expeditio

385 1603 600 1670 attribuendi
617 1614 709 1689 sunt,
732 1605 829 1672 locos
844 1606 1005 1690 inveniri,
1030 1606 1157 1693 quibus
1172 1603 1246 1695 μήν,
1272 1629 1307 1694 γε
1321 1604 1394 1696 μήν,
1419 1607 1474 1674 καὶ
1490 1606 1559 1699 μήν
1638 1678 1645 1692 ,

379 1709 554 1796 legantur,
585 1712 749 1798 quamvis
782 1734 853 1779 non
882 1713 1022 1779 subsint
1050 1712 1132 1778 illae
1160 1735 1296 1797 causae,
1330 1736 1418 1800 quas
1444 1717 1550 1781 Hart-

378 1837 506 1884 manus
536 1819 731 1906 repperisse
762 1820 830 1886 sibi
858 1821 957 1887 visus
987 1831 1048 1887 est
1100 1821 1155 1886 Ab
1184 1822 1294 1886 altera
1323 1832 1423 1907 parte
1446 1822 1554 1888 nobis

378 1924 636 1991 ostendendum
654 1925 720 1993 erit
736 1927 830 2012 apud
846 1927 1118 2013 Xenophontem
1137 1928 1231 1994 locos
1248 1938 1396 2011 exstare,
1420 1929 1555 2015 quibus

380 2031 544 2116 quamvis
573 2053 699 2099 causae
730 2033 812 2099 illae
836 2032 1116 2101 Hartmanianae
1141 2037 1293 2118 valeant,
1315 2027 1382 2125 μήν
1405 2057 1476 2100 non
1499 2035 1555 2101 in·

378 2136 551 2206 veniatur.
585 2139 637 2206 Ac
652 2139 804 2227 primum
822 2139 963 2225 quidem
980 2141 1017 2206 id
1032 2140 1069 2208 in
1084 2144 1283 2209 Hartmano
1297 2142 1555 2229 vituperamus,

379 2244 473 2329 quod
509 2266 563 2336 ea,
604 2267 694 2332 quae
730 2246 1026 2334 Dittenbergerus
1061 2249 1255 2316 rectissime
1287 2249 1552 2329 observaverat,

377 2350 517 2418 silentio
549 2353 739 2440 praeteriit.
786 2355 851 2421 Ille
884 2354 975 2422 enim
1009 2355 1046 2421 in
1079 2353 1376 2432 commentatione
1407 2351 1551 2438 saepius

381 2470 655 2527 commemorata
686 2461 875 2528 clarissime
908 2463 1063 2530 ostendit
1090 2482 1211 2529 eorum
1236 2457 1487 2544 Xenophontis
1511 2457 1553 2522 li·

378 2561 531 2650 brorum,
556 2587 643 2652 qnos
667 2567 792 2634 ultima
815 2569 911 2636 vitae
935 2578 1051 2636 aetate
1073 2566 1348 2654 conscripsisset,
1370 2564 1552 2652 propriam

377 2691 454 2738 esse
487 2673 697 2759 particulam
731 2673 797 2766 μήν
831 2676 880 2766 (γε
913 2675 989 2768 μήν)
1020 2676 1097 2741 sine
1127 2675 1200 2741 ulla
1231 2672 1441 2739 necessitate
1473 2680 1548 2737 tam

378 2776 539 2862 ubertim,
562 2790 603 2848 ut
617 2783 726 2848 lector
741 2782 961 2869 fatigaretur,
984 2805 1005 2858 a
1022 2781 1192 2869 scriptore
1207 2779 1402 2866 repetitam.
1438 2776 1551 2844 Haud

376 2905 462 2952 sane
484 2887 628 2955 diliicile
644 2888 744 2955 nobis
761 2889 827 2956 erit
844 2890 1034 2972 Hartmani
1051 2889 1146 2955 dicta
1163 2889 1207 2954 ad
1223 2887 1362 2953 irritum
1378 2883 1548 2970 redigere.

376 2989 471 3060 Hist.
496 2995 559 3063 Gr.
582 2997 651 3064 VII
675 2992 704 3080 5,
716 2993 757 3062 21
782 2995 957 3082 legimus:
982 3000 1186 3084 πρῶτον...
1205 2986 1320 3080 ὥσπερ
1340 2989 1440 3074 εἰκός,
1462 3015 1552 3058 ouva·

374 3095 517 3170 reiecero.
544 3108 641 3170 τοῦτο
677 3103 714 3170 δὲ
741 3101 901 3193 πράττων
928 3100 1120 3195 σαφηνίζειν
1148 3097 1257 3170 ἐδόκει
1287 3092 1339 3165 ὅτι
1364 3095 1412 3178 εἷς
1438 3094 1551 3188 μάχην

376 3207 661 3295 παρεσκευάζετο·
696 3208 778 3278 ἐπεί
797 3236 834 3300 γε
853 3207 919 3300 μὴν
942 3209 1095 3277 ἐτέτακτο
1119 3197 1208 3295 αὐτῷ
1223 3199 1263 3272 τὸ
1281 3198 1467 3293 στράτευμα
1481 3258 1488 3272 .
1504 3257 1510 3272 .
1526 3255 1545 3288 .,

376 3308 463 3403 πρὸς
484 3309 560 3397 τοὺς
584 3316 767 3403 πολεμίους
790 3306 849 3383 οὔκ
871 3308 930 3404 ἦγε
944 3367 951 3382 .
966 3366 995 3382 ..
1037 3316 1117 3378 Hoc
1139 3313 1218 3378 loco
1233 3332 1349 3398 neque
1364 3311 1471 3378 ullius
1488 3331 1548 3397 ge·

373 3422 466 3488 neris
482 3436 693 3509 argumenta
711 3423 945 3509 proferuntur,
969 3442 1060 3507 quae
1075 3418 1276 3505 Xenophon
1293 3418 1466 3504 particula
1480 3414 1550 3508 μήν

291 3531 293 3535 ’
374 3527 572 3596 adhibenda
601 3539 784 3596 conectere
813 3527 975 3593 debuerit
997 3563 1038 3574 -·-
1064 3525 1098 3590 id
1128 3525 1220 3613 quod
1246 3527 1467 3591 Hartmanus
1490 3544 1547 3590 su·

372 3656 435 3722 pra
471 3658 614 3704 causam
650 3636 848 3722 protulerat
875 3673 917 3682 -
946 3653 1061 3719 neque
1089 3632 1198 3715 „duae
1226 3651 1281 3698 res
1310 3632 1401 3698 inter
1424 3653 1462 3697 se
1486 3652 1549 3718 op-

373 3743 577 3828 ponendae“
600 3753 694 3825 sunt,
718 3762 824 3827 quam
849 3741 994 3805 alteram
1020 3760 1161 3806 causam
1186 3738 1381 3832 particulae
1401 3735 1466 3828 μήν
1485 3759 1549 3824 po·

374 3849 513 3915 nendae
548 3871 625 3914 esse
653 3851 874 3912 Hartmanus
907 3846 1156 3930 affirmaverat,
1189 3866 1303 3933 neque
1331 3845 1476 3911 omnino
1500 3866 1546 3911 eo

374 3955 453 4020 loco
476 3955 549 4020 ulla
572 3952 681 4020 verba
705 3973 792 4018 sono
816 3951 936 4019 extolli
960 3953 1029 4018 dici
1053 3961 1178 4039 potest,
1203 3975 1309 4040 qnam
1325 3962 1540 4038 postremam

372 4081 516 4126 causam
546 4081 624 4126 esse
647 4059 828 4145 putaverit
850 4059 1036 4146 quispiam.
1082 4061 1242 4146 Apparet
1263 4058 1375 4146 igitur
1398 4079 1440 4125 eo
1463 4061 1545 4124 loco

373 4165 450 4233 sine
474 4167 546 4233 ulla
570 4166 781 4234 necessitate
805 4165 995 4252 particulas
1019 4191 1054 4256 ys
1068 4163 1134 4257 μήν
1150 4189 1170 4232 a
1185 4148 1425 4254 Xenophonte
1442 4186 1544 4232 usur·

370 4283 473 4360 patas
513 4295 598 4341 esse.
651 4273 810 4345 Eandem
852 4294 926 4340 rem
965 4273 1207 4360 intellegimus
1246 4275 1324 4342 loco
1360 4273 1545 4341 Historiae

370 4380 430 4448 Gr.
455 4382 525 4449 VII
553 4377 583 4465 5,
599 4376 656 4446 22:
685 4379 764 4448 ἐπεὶ
793 4377 936 4471 ἐξετάθη
965 4370 1053 4470 αὐτῷ
1082 4371 1104 4471 ἦ
1128 4379 1341 4472 φάλαγξμ..
1375 4381 1475 4451 ἔθετο
1497 4377 1545 4449 τὰ
