3500 5052
901 383 1100 454 ..6-

410 602 584 690 magister
608 601 652 668 de
675 599 833 668 moribus
853 610 889 669 et
912 600 957 668 de
971 599 1108 668 ratione
1124 600 1258 688 optime
1276 599 1419 668 vivendi
1435 600 1594 669 dederit:

407 731 452 775 ex
486 707 620 777 virtute
643 704 870 799 (σωφροσύνη)
903 729 960 774 res
987 707 1114 793 augeri
1139 717 1175 774 et
1198 727 1363 795 prospere
1386 707 1593 791 succedere,

407 838 453 882 ex
476 815 641 902 superbia
664 805 831 902 (ἀκρασία,
857 806 965 903 ὕβρις)
989 813 1181 902 perniciem
1205 823 1241 881 et
1263 812 1448 882 interitum
1465 814 1588 902 parari

407 922 508 988 illum
532 941 739 1009 persuasum
764 920 905 988 habere.

517 1026 547 1096 3.
574 1029 674 1094 Duas
697 1026 777 1094 illas
800 1035 919 1115 partes
944 1026 1128 1094 Historiae
1144 1027 1302 1095 Graecae
1324 1027 1474 1094 diversis
1498 1038 1593 1096 tem-

409 1134 555 1222 poribus
579 1132 792 1221 compositas
812 1155 899 1205 esse.
948 1137 990 1200 ln
1005 1133 1074 1200 hac
1089 1155 1127 1200 re
1149 1133 1423 1201 demonstranda
1439 1133 1596 1202 omnino

410 1242 483 1307 iere
506 1239 631 1307 iisdem
655 1262 697 1307 ac
720 1238 938 1307 Niebuhrius
961 1239 1047 1307 locis
1070 1239 1208 1308 nititur:
1233 1243 1269 1306 11
1293 1236 1323 1324 4,
1340 1235 1395 1323 433
1419 1241 1470 1308 Vl
1494 1238 1524 1325 4,
1541 1237 1588 1308 32

517 1452 674 1519 Maxime
709 1452 907 1538 quaestioni
943 1462 1084 1520 nostrae
1113 1453 1304 1520 solvendae
1332 1451 1466 1541 proluit
1488 1451 1593 1522 Guil.

408 1558 594 1627 Nitschius
626 1558 866 1626 illustrissima
900 1559 1212 1644 commentatione,
1253 1581 1343 1645 quae
1381 1558 1596 1650 inscribitur

411 1650 529 1751 ,siber
563 1665 622 1733 die
645 1665 851 1752 Abiassung
875 1687 944 1734 von
968 1667 1187 1753 Xenophons
1211 1665 1462 1753 Hellenica.“¹)
1507 1666 1592 1735 Nit-

409 1772 529 1840 schius
556 1772 699 1840 initium
728 1772 811 1840 inde
834 1773 952 1857 sumit,
977 1782 1019 1840 nt
1040 1773 1259 1840 demonstret
1281 1773 1389 1839 libros
1413 1772 1589 1842 Ill-Vl

409 1881 446 1946 in
471 1901 583 1946 unum
608 1901 735 1966 corpus
758 1879 939 1967 cogendos
956 1901 1043 1948 esse.
1091 1882 1196 1946 Hauc
1211 1888 1350 1968 partem
1366 1901 1409 1947 eo
1426 1890 1593 1967 tempore

410 1985 644 2074 conscriptam
682 2007 768 2070 esse,
802 1986 897 2074 quod
931 1986 1025 2054 intra
1060 2008 1172 2054 annos
1199 1983 1301 2056 38413
1327 1997 1363 2054 et
1390 1983 1589 2054 371inter-
1659 2010 1665 2031 ’

405 2094 558 2160 cederet.
606 2092 744 2160 Deinde
777 2091 934 2161 ostendit
961 2093 1069 2160 libros
1098 2096 1131 2162 V
1158 2090 1431 2163 2-v11unum
1457 2114 1594 2180 corpus

409 2222 495 2283 esse,
532 2200 628 2287 quod
663 2200 755 2267 circa
783 2221 916 2267 annum
945 2196 1047 2270 35716
1083 2199 1254 2288 scriptum
1288 2199 1345 2268 sit.
1392 2202 1590 2287 Postquam

408 2327 550 2394 operam
586 2305 693 2389 dedit,
727 2315 769 2374 nt
791 2306 1041 2394 Xenophontis
1069 2328 1202 2374 annum
1233 2306 1388 2374 natalem
1421 2305 1589 2374 definiret

408 2451 451 2462 -
480 2411 571 2478 circa
605 2433 739 2479 annum
774 2409 840 2478 440
870 2433 951 2479 eum
984 2421 1108 2480 natum
1143 2435 1219 2482 esse
1250 2421 1354 2501 putat
1378 2451 1420 2462 —
1444 2412 1596 2480 demon·

411 2528 522 2586 strare
557 2519 678 2587 studet
712 2519 820 2586 libros
843 2519 977 2607 priores
1001 2519 1090 2588 duos
1113 2541 1185 2587 non
1210 2529 1293 2587 ante
1317 2541 1439 2608 pacem
1464 2521 1589 2587 Antal·

410 2626 509 2693 cidae
537 2622 631 2708 (387)
659 2626 876 2714 conscriptos
900 2635 1154 2715 proptereaque
1178 2648 1259 2694 cum
1283 2627 1382 2694 libris
1405 2626 1584 2696 111-V1

411 2733 450 2798 in
486 2753 597 2800 unum
633 2753 760 2820 corpus
794 2733 1063 2821 coniungendos
1098 2755 1186 2802 esse.
1241 2733 1438 2802 Historiam
1473 2732 1589 2821 igitur

409 2839 583 2908 Graecam
621 2861 666 2906 ex
702 2838 840 2907 duabus
874 2839 1035 2928 partibus
1069 2839 1218 2908 diversis
1254 2842 1471 2929 temporibus
1506 2861 1595 2907 con-

403 2945 549 3033 scriptis
585 2955 745 3014 constare
781 2945 970 3032 existimat,
1006 2968 1154 3035 quarum
1192 2947 1386 3015 confinium
1421 2947 1469 3016 sit
1503 2955 1593 3034 post

409 3061 517 3140 capnt
539 3052 619 3120 libri
643 3053 758 3141 quinti
783 3053 945 3140 primum.

517 3162 654 3226 Horum
691 3160 848 3227 virorum
880 3160 1077 3228 sententias
1109 3161 1316 3230 tractavisse
1344 3161 1431 3230 satis
1454 3161 1593 3230 habeo:

407 3275 546 3354 praeter
582 3287 642 3332 eos
673 3265 817 3353 plurimi
847 3275 942 3349 sunt,
972 3267 1032 3354 qui
1067 3267 1182 3334 eidem
1214 3267 1413 3354 quaestioni
1440 3289 1590 3357 operam

408 3372 590 3457 dederunt,
615 3393 767 3458 qnorum
786 3372 990 3458 sententias,
1014 3394 1095 3442 cum
1112 3374 1164 3458 iis,
1188 3395 1276 3462 quas
1295 3375 1452 3463 exposui,
1468 3375 1595 3461 magis

393 3478 575 3545 'minusve
611 3477 744 3546 similes
779 3478 860 3564 sint,
896 3478 1038 3547 uberius
1069 3502 1141 3547 non
1170 3481 1342 3565 tractabo;
1378 3491 1497 3550 tamen
1525 3503 1593 3548 no·

412 3583 509 3652 mina
532 3586 658 3652 saltem
683 3585 839 3653 virorum
865 3584 1059 3674 titulosque
1083 3587 1292 3674 scriptorum
1317 3588 1524 3655 describam.

408 3727 452 3795 G.
471 3730 513 3795 R.
530 3726 715 3810 SieverS,
732 3726 1056 3796 Commentationes
1072 3728 1260 3797 historicae
1276 3729 1320 3797 de
1335 3729 1593 3817 Xenophontis

569 3833 776 3902 Hellenicis.
824 3836 937 3902 Berol.
953 3832 1054 3904 1833.

407 3941 490 4027 ,²0
516 3944 563 4010 H.
587 3942 864 4026 Volckma12)‚
902 3941 1164 4011 commentatio
1203 3942 1506 4010 historicocritica
1540 3944 1593 4011 de
1717 3933 1718 3946 ¹

567 4048 816 4137 Xenophontis
840 4048 1048 4117 Hellenicis.
1094 4044 1370 4134 Gotting.1837.

520 4251 542 4327 ¹)
565 4251 664 4326 Progr.
688 4253 717 4308 d.
740 4250 1008 4327 Sophiengymnat.
1053 4250 1151 4309 Berol.
1170 4248 1264 4311 1871.

516 4333 544 4420 ²)
565 4338 674 4397 Libros
698 4357 788 4397 cruce
812 4345 932 4397 notator
955 4357 1015 4398 non
1039 4339 1114 4396 mihi
1137 4339 1261 4416 contigit
1284 4347 1317 4398 nt
1340 4339 1536 4414 inspicerem,
