3500 5052
797 367 1020 434 „5⁶-

325 584 469 664 vimus):
483 582 556 648 inA
568 582 848 670 praepositiones
861 583 1048 666 rarissime,
1060 582 1173 651 dativi
1186 581 1392 670 saepissime
1402 605 1502 650 usur·

324 699 452 776 pantur
465 727 506 738 -
523 688 560 754 in
581 689 729 776 Bplane
746 689 961 757 contrarium
975 710 1043 758 usu
1059 688 1168 758 venit.
1193 687 1298 774 Quod
1311 688 1500 756 discrimen

324 817 390 862 usu
407 794 545 862 dicendi
564 804 760 863 ceterorum
778 795 989 883 scriptorum
1012 796 1141 863 mirum
1158 796 1195 862 in
1213 795 1358 862 modum
1377 795 1502 862 coniir-

323 910 441 969 matur
457 923 497 969 ac
513 901 670 969 iulcitur:
695 923 777 969 nam
798 902 835 968 in
853 901 1082 970 Institutione
1106 911 1142 968 et
1158 901 1396 989 Expeditione
1413 924 1500 970 usus

323 1007 595 1096 praepositionis
611 1008 850 1096 amplissimus
863 1017 925 1092 est,
942 1030 1020 1075 cum
1035 1009 1179 1076 dativus
1191 1030 1304 1095 paene
1316 1030 1500 1098 nunquam

328 1115 539 1200 inveniatur,
565 1115 659 1203 apud
676 1114 922 1203 Thucydidem
946 1136 1033 1182 usus
1054 1114 1164 1182 dativi
1181 1116 1289 1202 longe
1311 1115 1501 1202 praevalet,

323 1221 625 1309 praepositionem
639 1232 757 1288 autern
771 1221 806 1286 in
821 1229 897 1288 toto
909 1221 1004 1288 illius
1017 1243 1122 1308 opere
1135 1243 1205 1289 non
1218 1222 1299 1309 plus
1312 1222 1500 1310 quinquies

324 1328 497 1395 invenias.
545 1327 640 1412 Quin
667 1327 773 1393 etiam
798 1348 902 1394 risum
927 1326 1147 1413 Thucydidis
1168 1328 1395 1415 partisqueA
1421 1351 1501 1396 con-

324 1437 476 1500 ferentes
493 1433 654 1502 videmus
671 1434 764 1520 apud
782 1431 1028 1519 Thucydidem
1046 1456 1150 1502 usum
1164 1435 1276 1503 dativi
1291 1435 1499 1523 ampliorem

326 1562 532 1627 essequam
560 1541 653 1628 apud
679 1541 964 1628 Xenophontem.
1013 1544 1141 1608 Nonne
1165 1541 1331 1609 facillime
1359 1543 1501 1610 adduci·

327 1668 414 1729 mur,
440 1657 479 1713 ut
503 1646 746 1715 existimemus
771 1670 848 1714 eam
875 1669 948 1715 rem
973 1671 1014 1715 eo
1038 1648 1215 1736 explicari,
1244 1649 1336 1734 quod
1362 1648 1501 1733 Thucy·

322 1754 423 1820 dides
448 1754 629 1841 aliquanto
653 1758 747 1840 prior
771 1764 888 1822 aetate
905 1765 959 1822 cst
976 1755 1234 1842 Xenophonte?
1258 1755 1421 1823 Ceterum
1438 1779 1500 1823 eae

327 1860 477 1943 tabulae,
494 1860 680 1948 dequibus
696 1861 857 1944 dicimus,
874 1884 944 1928 non
962 1863 1058 1928 solae
1073 1872 1168 1946 sunt,
1184 1884 1275 1949 quae
1288 1861 1324 1928 id
1337 1863 1500 1944 doceant;

326 1968 600 2034 commonefacio
624 1968 668 2033 de
693 1968 822 2034 tabulis
847 1971 918 2034 XII
945 1979 980 2037 et
1003 1971 1104 2052 XIII,
1128 1991 1219 2056 qnae
1242 1969 1342 2056 ipsae
1359 1990 1500 2058 quoque

326 2074 518 2141 ostendunt
542 2095 622 2140 eum
641 2095 744 2141 usum
761 2075 910 2159 dicendi,
935 2097 1006 2162 quo
1022 2097 1102 2163 pars
1120 2077 1151 2142 A
1167 2099 1187 2143 a
1203 2086 1304 2163 parte
1322 2079 1349 2142 B
1365 2076 1503 2143 differe·
1552 2092 1556 2097 ’

326 2184 395 2265 bat,
429 2183 522 2269 apud
548 2180 793 2266 Thucydidem
829 2182 884 2248 vel
914 2183 1187 2270 frequentiorem
1216 2205 1302 2250 esse.
1351 2183 1405 2249 Ab
1434 2183 1502 2249 hac

329 2297 427 2374 parte
451 2288 537 2354 illud
563 2288 669 2355 latius
695 2289 857 2376 persequi
881 2312 902 2355 a
923 2290 1104 2377 proposito
1127 2300 1248 2356 nostro
1264 2290 1420 2356 alienum
1439 2303 1501 2372 est,

327 2396 389 2460 sed
415 2396 458 2461 ad
484 2396 667 2462 historiam
692 2395 839 2481 linguae
864 2397 1021 2463 Graecae
1050 2396 1297 2476 illustrandam
1328 2396 1501 2463 eiusmodi

328 2501 592 2567 observationes
617 2501 744 2566 summi
771 2502 940 2568 momenti
966 2523 1042 2568 esse
1067 2501 1240 2569 existimo.

878 2701 956 2766 XV.

434 2822 571 2891 Ultimo
583 2823 660 2888 loco
671 2823 694 2909 ¹)
706 2823 895 2889 dicendum
910 2834 963 2890 est
975 2825 1018 2890 de
1029 2823 1270 2910 compluribus
1282 2823 1427 2892 vocibus
1438 2847 1501 2892 seu

327 2928 573 3013 locutionibus,
613 2950 703 3016 quae
738 2929 773 2994 in
808 2929 961 3016 singulis
997 2928 1161 3016 operibus
1199 2930 1400 3016 singulares
1438 2953 1501 2999 seu

327 3034 475 3102 rariores
501 3035 742 3103 inveniuntur.
789 3036 908 3106 Etiam
938 3058 981 3102 ex
1009 3036 1064 3102 his
1100 3036 1345 3124 comparandis
1367 3036 1500 3124 aliquid

327 3142 493 3229 colligere
532 3143 614 3209 licet
650 3144 692 3209 ad
723 3165 824 3210 usum
863 3143 1002 3209 dicendi
1034 3143 1256 3229 singulorum
1290 3143 1501 3232 scriptorum

328 3249 606 3334 intellegendum
648 3271 687 3315 ea
728 3249 869 3334 quidem
910 3250 1054 3333 ratione,
1094 3260 1133 3316 ut
1179 3250 1385 3337 scriptorem
1424 3253 1502 3318 loco

328 3355 548 3438 quarundam
563 3377 688 3421 uocum
704 3356 848 3421 alterius
865 3357 984 3442 scripti
1007 3358 1043 3422 iu
1065 3359 1176 3423 altero
1193 3357 1280 3424 alias
1297 3357 1502 3425 adhibuisse

329 3462 598 3527 demonstretur.
625 3463 699 3526 Iam
718 3463 759 3528 ad
776 3461 937 3548 singulas
953 3485 1179 3551 uocespauca
1190 3464 1368 3532 adnotabo
1382 3488 1422 3532 ac
1435 3467 1504 3553 pri·

328 3588 426 3632 mum
438 3565 579 3654 quidem
594 3567 636 3632 de
647 3567 689 3634 iis
702 3567 825 3653 dicam,
846 3591 936 3656 quae
949 3570 1147 3656 singulares
1164 3571 1395 3639 inveniuntur
1412 3574 1448 3639 in
1461 3576 1500 3642 Α.

437 3692 541 3764 Locis
558 3693 768 3780 quibusdam
782 3694 891 3780 partis
905 3697 935 3760 A
950 3695 1158 3762 vocabulum
1173 3694 1312 3780 σώμαι-α
1325 3720 1396 3764 non
1412 3721 1502 3784 „cor-

313 3803 445 3885 *pora‘ss
469 3799 529 3866 sed
555 3802 658 3888 plane
686 3801 818 3885 „viros“
837 3823 900 3868 seu
921 3801 1120 3886 „homines“
1140 3801 1337 3888 significat:
1355 3807 1390 3869 II
1410 3787 1501 3887 1,19':

330 3899 371 3972 τὰ
395 3907 431 3973 δὲ
455 3904 615 3996 ἐλεύθερα
632 3906 772 3995 σώματα
790 3906 904 3975 πάντα
921 3901 1027 3999 ἇφῇκε
1042 3906 1255 3997 Λύσανδροςς
1272 3910 1380 3976 simili
1397 3912 1502 3978 modo

331 4016 346 4075 I
371 4016 400 4096 l,
424 4009 476 4080 24.
535 4013 633 4080 Talis
657 4037 742 4081 usus
769 4005 928 4080 vocabuli
955 4013 1092 4109 σώματα
1115 4016 1197 4080 iuB
1222 4039 1291 4083 non
1309 4017 1500 4085 iuvenitur.

331 4124 542 4132 ...η’-ὴ*

438 4161 461 4238 ¹)
478 4161 554 4218 Cum
571 4164 675 4220 hocin
692 4165 802 4238 eapite,
818 4163 962 4238 quoniam
980 4162 1018 4218 de
1035 4165 1217 4239 singulorum
1234 4183 1360 4239 operum
1376 4167 1502 4224 vocibus

330 4251 530 4326 siugularibus
559 4252 662 4326 agitur,
697 4250 726 4308 in
753 4270 818 4308 rem
846 4269 907 4310 non
942 4269 1009 4310 esse
1033 4253 1129 4310 visum
1153 4261 1235 4312 esset
1269 4271 1361 4312 voces
1397 4258 1501 4314 tabula

330 4357 525 4414 componere,
548 4342 641 4408 locos,
666 4340 775 4414 quibus
798 4359 890 4399 voces
909 4341 1106 4417 inveniuntur,
1130 4342 1315 4417 ubIcumqne
1333 4361 1409 4418 opus
1434 4363 1501 4402 esse

329 4427 496 4496 videbatur,
519 4429 597 4486 inter
619 4428 713 4488 verba
736 4429 802 4503 ipsa
826 4430 935 4488 addidi.
