3500 5052
681 427 902 496 -69-

211 665 319 732 quam
336 644 530 710 exercitum
547 643 907 711 Lacedaemoniorum
925 645 962 710 in
980 644 1111 710 bellum
1130 625 1277 711 duxisse
1293 646 1387 712 inter

210 772 336 817 omnes
360 759 507 834 constet,
532 760 693 838 apertum
720 771 797 817 esse
820 749 907 816 mihi
928 750 1070 818 videtur
1087 751 1233 820 verbnm
1257 752 1386 840 φαίνειν

215 857 403 942 ,educere“
434 866 470 924 et
494 858 706 925 vocabulum
735 853 877 948 φρουρὰν
908 857 1143 944 „exercitum“
1180 858 1384 944 significare

211 986 281 1030 non
306 985 419 1051 posse.
469 967 558 1030 Rem
583 964 634 1032 ita
658 987 696 1030 se
719 965 850 1032 habere
874 965 1053 1032 existimo:
1076 963 1201 1056 φρουρά
1223 987 1293 1030 nou
1311 987 1386 1032 ver-

209 1073 293 1138 bum
319 1079 530 1154 concretum,
555 1071 615 1138 scd
633 1073 850 1138 abstractum
867 1081 973 1139 estet
990 1071 1173 1158 significat
1196 1071 1384 1158 „profectio

208 1177 390 1266 copiarum
415 1177 451 1244 in
477 1178 609 1244 bellum
635 1177 828 1261 facienda“,
852 1178 1008 1264 itemque
1025 1177 1157 1267 φαίνειν
1180 1177 1384 1265 significare

210 1307 281 1352 non
305 1293 423 1372 potest
446 1284 639 1368 „educere“,
663 1285 724 1352 sed
749 1285 869 1374 potius
885 1284 1084 1370 „indicere“.
1132 1289 1227 1352 Nam
1245 1295 1384 1353 constat

208 1392 359 1478 Spartae
376 1392 587 1478 ephororum
604 1391 713 1460 fuisse
730 1393 992 1480 expeditionem
1009 1392 1173 1476 indicere,
1195 1414 1384 1459 numerum
1475 1456 1478 1461 .

210 1498 363 1564 militum
389 1498 612 1579 constituere,
636 1500 744 1565 duces
769 1499 954 1581 exercitus,
979 1500 1039 1585 qui
1056 1500 1265 1587 plerumque
1282 1521 1385 1584 reges

210 1607 361 1687 fuerunt,
385 1604 511 1671 dicere.
523 1609 545 1686 ¹)

317 1711 421 1796 Quod
450 1710 579 1779 attinet
608 1732 713 1777 usum
742 1711 881 1777 dicendi
914 1711 1025 1799 partis
1049 1715 1089 1794 A,
1125 1713 1278 1778 concedo
1313 1734 1385 1777 non

210 1820 312 1886 facile
335 1821 431 1886 locos
454 1818 615 1902 inveniri,
645 1817 773 1905 quibus
796 1818 985 1886 locutionis
1008 1813 1149 1910 φρουράν
1173 1816 1300 1910 φαίνειν
1328 1818 1387 1884 ad-

213 1926 390 1992 hibendae
411 1925 549 1992 occasio
564 1925 679 2010 fuerit,
703 1946 818 2013 neque
835 1934 929 1992 certo
946 1925 1027 2010 scio,
1050 1947 1137 1992 num
1154 1925 1384 2011 Xenophonti

212 2036 248 2098 Il
273 2030 350 2116 2,7:
375 2030 642 2117 Λακεδαιμόνιοι
667 2023 820 2122 δ’ἒξῇσαν
843 2031 1012 2122 πανδημεί
1038 2032 1099 2098 illa
1126 2031 1307 2098 locutione
1331 2032 1384 2098 uti

210 2140 358 2208 licuerit.
405 2142 573 2206 Attamen
604 2139 768 2227 equidem
798 2160 1004 2226 persuasum
1041 2141 1156 2206 habeo
1192 2160 1283 2222 eum,
1319 2138 1385 2204 etsi

213 2247 273 2312 illa
301 2247 451 2313 facultas
484 2268 589 2334 saepe
618 2246 649 2312 ei
678 2245 812 2332 fuisset,
848 2255 966 2312 tamen
990 2246 1205 2313 locutionem
1242 2238 1386 2334 φρουρὰν

209 2353 339 2445 φαίνειν
362 2375 431 2420 non
457 2353 700 2421 adhibiturum
733 2353 851 2421 fuisse.
904 2353 1013 2421 Cuius
1049 2353 1098 2420 rei
1132 2361 1384 2440 argumentum

212 2461 280 2526 hoc
296 2461 413 2527 affero.
462 2464 588 2548 Neque
604 2461 641 2528 in
659 2484 765 2550 opere
783 2461 1014 2548 Thucydideo
1031 2483 1146 2549 neque
1162 2461 1257 2550 apud
1276 2463 1387 2527 Hero-

208 2568 333 2634 dotum
358 2561 500 2656 φρουρεῖν
528 2566 657 2657 φαίνειν
681 2579 811 2636 exstat:
842 2569 1007 2656 quoniam
1044 2578 1097 2637 tot
1120 2569 1207 2636 locis
1243 2569 1387 2634 demon-

209 2683 360 2741 stratum
386 2682 440 2739 est
464 2683 500 2741 et
515 2674 815 2740 demonstrabitur
831 2675 1107 2760 Xenophontem
1131 2675 1167 2738 in
1193 2677 1223 2738 A
1247 2673 1387 2756 Thucy-

208 2781 327 2847 didem
358 2790 398 2847 ut
421 2779 634 2864 magistrum
669 2788 832 2845 secutum
862 2801 948 2862 esse,
983 2800 1069 2846 num
1106 2779 1185 2864 quis
1216 2778 1290 2860 erit,
1326 2779 1385 2864 qui

210 2896 312 2974 putet
338 2887 439 2953 illum
468 2886 555 2953 adeo
584 2909 604 2952 a
638 2883 858 2971 Thucydidis
895 2906 1025 2971 genere
1061 2881 1201 2951 dic'cndi
1226 2884 1381 2972 alienum

210 2993 328 3077 fuisse,
357 3003 397 3061 ut
425 2993 641 3061 locutionem
677 2991 893 3058 rarissimam
929 2991 965 3056 in
1003 2991 1031 3054 Α
1067 2992 1234 3078 poneret?
1279 2994 1386 3058 Nunc

210 3101 478 3168 reminiscamur
512 3100 609 3166 illam
645 3118 779 3182 vocem,
814 3098 857 3164 de
892 3119 961 3185 qna
996 3096 1182 3184 loquimur,
1219 3097 1385 3164 Doricam

209 3229 305 3276 esse:
330 3230 448 3274 nonne
471 3205 652 3294 probabile
677 3215 731 3272 est
754 3205 789 3271 id
813 3205 939 3293 ipsum,
967 3205 1059 3292 quod
1084 3204 1286 3292 Xenophon
1312 3213 1384 3270 tam

210 3316 358 3402 longum
394 3335 457 3403 per
484 3322 625 3401 tempus
660 3314 754 3401 apud
790 3313 1092 3386 Lacedaemonios
1127 3321 1290 3379 versatus
1323 3321 1386 3395 est,

209 3422 377 3505 effecisse,
401 3430 442 3489 ut
464 3444 536 3489 vox
560 3421 689 3489 Dorica
713 3415 855 3513 φρουρὰν
871 3422 1009 3512 φαίνειν,
1033 3441 1140 3509 quam
1165 3419 1287 3487 audire
1304 3419 1388 3487 coti-

209 3529 269 3594 die
293 3529 324 3594 ei
348 3529 486 3610 licebat,
509 3529 546 3594 in
571 3550 675 3596 usum
700 3529 775 3595 eius
800 3529 945 3611 veniret,
968 3549 1083 3613 neque
1106 3528 1183 3614 ipsc
1207 3527 1386 3594 dubitaret

213 3652 300 3713 eam,
324 3652 539 3716 quamquam
556 3633 785 3700 Atheniensis
802 3643 886 3716 erat,
902 3632 1092 3718 inscriptis
1108 3633 1183 3699 suis
1199 3631 1399 3698 adhibere?

214 3735 316 3819 Quae
340 3735 369 3800 si
393 3744 489 3800 recte
519 3736 701 3823 disputata
718 3748 810 3820 sunt,
835 3761 953 3805 nonne
975 3739 1058 3805 inde
1075 3737 1315 3824 colligendum
1333 3748 1386 3806 est

209 3850 248 3907 et
271 3861 348 3907 eam
374 3839 555 3908 Historiae
576 3841 735 3908 Graecae
758 3853 905 3929 partem,
928 3843 964 3909 in
989 3865 1059 3931 qua
1082 3866 1154 3911 vox
1177 3843 1386 3912 illa'Dorica

212 3969 319 4035 saepe
334 3947 476 4037 legitur,
493 3969 513 4014 a
529 3946 778 4034 Xenophonte,
796 3957 982 4036 postquam
999 3952 1147 4037 longum
1165 3970 1229 4036 per
1244 3959 1386 4040 tempus

210 4055 307 4142 apud
326 4053 626 4127 Lacedaemonios
648 4062 810 4122 versatus
835 4055 982 4122 vocibus
1006 4055 1238 4124 sollemnibus
1263 4080 1384 4126 eorum

282 4204 293 4208 -
302 4203 424 4210 ...m-r.

211 4381 241 4440 G
288 4289 413 4444 124?
436 4295 475 4351 O.
498 4297 636 4363 Mueller,
659 4295 718 4354 Die
730 4295 840 4354 Dorier
851 4295 879 4353 ΙΙ
894 4294 955 4355 117
969 4313 1013 4370 sq.
1051 4295 1252 4365 Schoemann,
1264 4295 1388 4371 Antiqu.

241 4403 264 4444 r.
392 4424 399 4438 .
477 4439 478 4442 ,
