3500 5052
754 349 979 428 ..28-

282 590 394 680 [Lu]
418 592 455 659 11
477 587 536 660 25:
559 589 703 682 ἔστησαν
723 591 786 678 μὲν
806 589 975 680 τρόπαιον
996 581 1085 681 ὑπὲρ
1107 597 1170 680 τῆς
1191 581 1358 672 Ἑλλάδος.

284 699 368 783 Lyn.
384 699 473 767 VIII
497 695 535 765 3:
558 705 751 789 στρατηγῶν
773 694 835 788 γὰρ
856 691 990 778 πολλὰς
1011 698 1073 784 μὲν
1095 696 1218 778 πόλεις
1243 691 1319 782 εἷλε,
1348 693 1462 766 πολλὰ

497 805 613 873 δὲκαὶ
635 801 722 872 καλὰ
743 799 829 872 κατὰ
850 811 918 872 τῶν
940 802 1117 890 πολεμίων
1138 803 1259 896 ἔστησε
1281 802 1446 892 τρόπαια.

332 958 349 996 „
392 913 554 981 XXXIV
569 910 615 979 1⁰
637 908 752 979 πολλὰ
773 909 922 1000 τρόπαια
944 917 1011 978 τῶν
1033 909 1210 998 πολεμίων
1232 909 1428 998 ἐστήσαμεν.

284 1018 391 1086 Ῐεοοῐ.
408 1019 460 1087 IV
485 1016 561 1086 150:
585 1009 622 1087 ἔν
643 1023 720 1100 ταῖς
733 1016 858 1105 μάχαις
871 1015 1037 1105 τρόπαιον
1053 1015 1185 1087 ἱστάναι
1200 1024 1267 1086 τῶν
1281 1017 1464 1105 πολεμίων.

331 1172 349 1210 „
418 1127 455 1192 X
477 1122 535 1195 67:
558 1123 636 1194 τότε
658 1129 798 1213 πρῶτον
817 1119 879 1215 τὴν
901 1115 1068 1214 Εὐρώπην
1089 1131 1151 1214 τῆς
1170 1116 1286 1206 ’Λείας
1298 1123 1465 1214 τρόπαιον

503 1230 684 1322 στήσασαν.

285 1337 376 1406 Ptat.
393 1337 479 1406 crit.
502 1333 616 1405 1080:
641 1327 728 1404 ἇλλᾶ
751 1331 813 1426 γὰρ
827 1327 1035 1423 ἇθυμσῦντες
1049 1326 1167 1425 ἄνδρες
1181 1326 1282 1406 εἶν’πω
1296 1337 1465 1426 τρόπαιον

555 1442 708 1535 ἔστησαν.

334 1597 352 1636 „
399 1549 493 1618 Tim.
515 1547 599 1619 250
623 1541 655 1643 (ἦ
681 1549 799 1639 πόλις)
821 1550 1012 1644 κρατήσασα
1033 1552 1094 1637 μὲν
1115 1557 1182 1619 τῶν
1204 1550 1371 1620 ἐπιόντων
1392 1550 1466 1642 τρό-

500 1683 608 1726 παιον
628 1657 773 1750 ἔστησεν.

334 1811 351 1850 ,,
400 1767 538 1832 Menex.
560 1761 669 1831 2401)
692 1763 844 1854 τρόπαια
865 1764 1096 1857 στήσαντες..
1119 1764 1306 1854 βαρβάρων.

288 1869 623 1940 Demosth.11124:
646 1867 759 1940 πολλὰ
782 1873 820 1941 δὲ
841 1873 897 1940 καὶ
918 1867 1005 1940 καλὰ
1020 1872 1078 1940 καὶ
1093 1873 1180 1964 πεζῇ
1194 1873 1251 1940 καὶ
1267 1879 1467 1958 ναεμαχοῦν·

499 2005 555 2060 τες
577 1977 720 2070 ἔστησαν
741 1971 880 2064 τρόπαι’
902 1969 998 2046 αἰτσὶ
1020 1978 1284 2066 στρατευόμενοι.

381 2134 397 2172 ‚‚
488 2088 581 2153 XIII
597 2083 656 2152 26:
691 2079 803 2154 πολλὰ
827 2086 865 2154 δὲ
886 2087 942 2154 καὶ
965 2079 1052 2154 καλὰ
1075 2086 1131 2154 καὶ
1155 2086 1242 2177 πεζῇ
1265 2087 1320 2153 νεὶ
1344 2112 1467 2172 ναυμα-

499 2199 631 2280 χοῦντες
652 2191 795 2285 ἔστησαν
815 2190 977 2281 τρόπαια.

380 2348 398 2386 ,,
489 2303 560 2367 ΧΧ
576 2297 619 2366 76
648 2299 705 2368 καὶ
728 2287 767 2380 ὃς
789 2300 824 2367 ἐν
848 2296 976 2388 Κύπρῳ
997 2290 1135 2388 τρόπαι’
1157 2297 1275 2391 ἔστησε
1302 2299 1358 2367 καὶ
1385 2293 1467 2386 μετὰ

503 2397 596 2473 ταῦτ’
619 2406 654 2472 ἐν
675 2403 859 2494 Αἰγύπτῳ.

383 2560 399 2598 „
492 2515 564 2578 XX
578 2507 623 2578 80
645 2517 792 2579 τοσαῦτα
815 2501 846 2580 δ’
846 2509 963 2604 ἔστησε
984 2510 1145 2601 τρόπαια.

382 2668 399 2705 „
490 2621 579 2686 XXI
598 2615 676 2685 169:
702 2615 734 2688 oi
758 2619 795 2687 δὲ
818 2615 931 2687 πολλὰ
954 2620 1011 2688 καὶ
1033 2616 1120 2688 καλοὶ
1142 2625 1183 2710 τῇ
1208 2618 1310 2688 πόλει
1325 2607 1468 2709 στήσαν-

502 2751 557 2808 τες
578 2723 740 2815 τρόπαια.

290 2833 453 2902 Aeschin.
470 2836 524 2901 III
543 2831 621 2900 156:
644 2829 691 2926 μὴ
708 2828 795 2922 πρὸς
809 2827 897 2914 Διὸς
910 2832 965 2901 καὶ
982 2838 1080 2916 θεῶν,
1106 2821 1261 2921 ὦῖἷνδρες
1281 2831 1466 2924 Ἀθηναῖοι,

501 2939 664 3030 τρόπαιον
687 2941 800 3008 ἵστατε
823 2930 884 3030 ἐφ’
906 2933 999 3026 ὑμῶν
1020 2931 1139 3008 αἰτῶν.

292 3047 383 3116 Plut.
400 3047 445 3114 de
468 3048 557 3133 glor.
571 3047 699 3116 Athen.
716 3043 746 3132 7,
761 3069 796 3136 p.
812 3045 934 3114 350A:
969 3039 1009 3115 τὸ
1032 3037 1113 3114 καθ’
1135 3037 1255 3128 αὐτοὺς
1277 3044 1468 3136 νικήσαντες

505 3151 649 3245 ἔστησαν
671 3151 841 3242 τρόπαιον.

399 3315 494 3398 Loci,
517 3334 606 3401 quos
630 3312 745 3394 attuli,
772 3313 896 3379 miram
922 3314 1078 3399 produnt
1099 3335 1188 3381 rem:
1222 3313 1466 3400 intellegimus

291 3421 386 3509 apud
411 3429 545 3489 ceteros
568 3419 756 3506 scriptores
779 3419 916 3487 Atticos
939 3420 1001 3507 (sc.
1025 3429 1112 3508 quot
1135 3442 1257 3489 eorum
1281 3418 1466 3508 perquisiti

291 3531 388 3609 sunt)
412 3525 501 3593 nihil
525 3525 594 3593 nisi
617 3524 780 3612 τρόπαιον
796 3523 927 3594 ἱστάναί
943 3526 1114 3595 usitatum
1132 3549 1208 3595 esse
1224 3527 1363 3594 duobus
1379 3525 1466 3593 locis

292 3633 467 3723 exceptis:
489 3633 573 3704 Eur.
590 3634 699 3700 Andr.
716 3630 783 3701 75³
806 3643 842 3701 et
862 3634 1039 3721 Aristoph.
1057 3635 1149 3702 Plut„
1165 3632 1242 3703 453.
1288 3635 1379 3702 Cum
1395 3633 1466 3700 duo

291 3740 343 3809 illi
367 3741 435 3808 Ioci
457 3744 644 3828 poetarum
669 3741 750 3826 sint,
773 3763 923 3829 quorum
949 3762 1064 3808 sermo
1088 3763 1168 3808 cum
1193 3741 1272 3808 aliis
1295 3750 1373 3807 tum
1397 3725 1468 3806 mess

292 3847 390 3916 tricis
412 3848 553 3936 legibus
577 3849 766 3916 obstrictus
790 3857 852 3934 est,
877 3858 1025 3938 apparet
1047 3849 1160 3916 solam
1184 3848 1372 3915 formulam
1388 3843 1466 3935 τρό-

294 3979 398 4024 παιον
421 3952 555 4024 ἱστάναι
578 3955 671 4042 apud
688 3955 825 4023 Atticos
842 3956 1008 4023 usitatam
1026 3955 1146 4022 fuisse.
1175 3955 1256 4039 Qua
1271 3976 1309 4021 re
1324 3955 1468 4020 demon·

293 4070 405 4131 strata
429 4083 471 4129 ea
494 4061 594 4146 ratio,
622 4082 726 4148 quam
757 4083 865 4148 supra
888 4062 1127 4151 exposuimuS,
1160 4061 1259 4128 nullo
1286 4061 1392 4129 modo
1421 4059 1466 4126 ad

291 4169 432 4238 irritum
451 4167 635 4256 redigitur,
658 4169 720 4234 sed
736 4168 960 4255 aliquantum
975 4176 1223 4235 commutatur.
1259 4170 1354 4234 Nam
1371 4187 1467 4233 nunc

292 4275 457 4345 videmus
473 4297 554 4360 non,
578 4284 619 4342 ut
634 4295 741 4363 supra
757 4274 972 4363 putavimus,
997 4274 1111 4364 priore
1124 4283 1282 4362 tempore
1297 4259 1472 4363 τρόπαιον
