3500 5052
643 413 844 481 ..5.-

148 631 188 718 (Ι
206 629 237 715 1,
249 627 280 698 9.
308 628 377 714 15,
390 627 419 696 6.
447 627 575 713 15‚14.
603 627 746 714 111,14
769 628 829 714 al.)
863 649 918 696 res
952 627 1134 716 quasdam,
1162 647 1255 714 qnae
1284 626 1329 693 ad

151 757 298 804 sensnm
334 745 371 804 et
399 757 574 804 conexum
597 735 818 804 necessariae
841 733 923 817 sint,
945 733 1074 802 omitti.
1120 732 1180 804 Ex
1201 732 1258 800 his
1281 755 1333 799 ar·

153 843 338 930 gumentis
379 844 574 911 Grosserus
612 841 723 910 elficit
753 863 819 910 nos
851 840 1099 928 Xenophontis
1134 838 1330 926 genuinum

148 971 245 1037 opus
279 972 352 1016 non
386 949 526 1036 habere,
560 949 622 1017 sed
658 948 838 1036 epitomen
867 947 1080 1035 nescioquo
1105 955 1263 1034 tempore
1287 968 1332 1013 ex

156 1055 318 1124 Historia
342 1057 478 1123 Graeca
513 1056 722 1123 confectam.
768 1055 874 1140 Quod
902 1054 1151 1143 quaestionem
1172 1061 1331 1121 nostram

149 1161 298 1247 attinet,
338 1162 531 1230 Grosserus
566 1172 678 1249 negat
708 1161 958 1250 Xenophontis
988 1181 1079 1248 opus
1110 1181 1181 1226 uno
1210 1169 1332 1227 tenore

154 1269 327 1356 scriptum
352 1289 438 1352 esse,
462 1270 524 1336 sed
547 1268 705 1336 aiiirmat
727 1290 772 1335 ex
794 1267 973 1355 epitomae
995 1275 1125 1334 natura
1147 1264 1247 1353 prodi
1268 1266 1332 1331 Hi-

149 1375 301 1441 storiam
329 1376 503 1442 Graecam
540 1397 585 1441 ex
620 1373 860 1461 compluribus
888 1373 1037 1441 diversis
1065 1372 1225 1460 partibus
1253 1394 1335 1439 con-

155 1481 279 1548 flatam
313 1503 390 1548 esse
413 1481 435 1549 i.
458 1503 499 1565 e,
534 1491 575 1549 ut
598 1481 760 1549 Grosseri
785 1490 840 1548 est
862 1479 1047 1564 sententia,
1071 1501 1116 1547 ex
1138 1479 1196 1546 his
1219 1478 1332 1546 tribus

148 1587 327 1674 partibus:
351 1591 450 1654 I—II
475 1585 578 1672 3,10;
603 1591 639 1654 Il
663 1584 694 1671 3,
709 1586 838 1672 11-v,
862 1584 898 1660 3:
924 1589 957 1656 V
980 1584 1172 1670 4,1-v11.

261 1698 303 1767 L.
328 1695 628 1779 Breitenbachins,
663 1695 776 1763 editor
805 1715 951 1782 operum
978 1693 1332 1780 Xenophonteornm,

148 1801 303 1870 eandem
328 1803 401 1868 tere
424 1823 531 1889 quam
548 1801 767 1869 Niebuhrius
784 1800 998 1869 sententiam
1014 1801 1183 1888 profero)
1232 1803 1333 1866 Prae·

149 1907 287 1975 tatione
311 1907 476 1976 editionis
500 1930 587 1976 suae
608 1909 697 1975 haec
720 1907 906 1975 ostendere
928 1907 1059 1975 studet.

264 2013 294 2084 1.
319 2018 419 2082 Duos
453 2014 587 2102 priores
621 2015 730 2082 libros
763 2014 1040 2102 Xenophontem
1076 2035 1147 2080 non
1182 2013 1251 2080 nisi
1286 2014 1331 2079 ad

148 2121 435 2190 continuandum
460 2143 551 2208 opus
565 2119 839 2207 Thucydideum
863 2120 1115 2208 composuisse.
1162 2119 1267 2204 Quod
1290 2132 1331 2186 ut

151 2228 385 2312 demonstret,
407 2229 445 2296 in
469 2229 514 2296 iis
537 2227 671 2312 nititur,
705 2250 796 2318 quae
820 2237 958 2296 veteres
982 2227 1026 2294 de
1049 2249 1092 2294 ea
1114 2233 1153 2294 re‘
1176 2226 1330 2309 tradunt,

156 2335 374 2422 arcessitque
397 2334 600 2403 notissimos
634 2335 714 2402 illos
736 2336 832 2402 locos
856 2332 1020 2419 Dionysii
1044 2333 1333 2401 Halicamassen-

148 2441 203 2509 sis
220 2464 273 2529 ep.
290 2443 337 2509 ad
354 2446 474 2530 Pomp.
491 2464 520 2510 c.
537 2443 567 2527 4,
593 2441 788 2510 Marcellini
805 2441 880 2510 vita
896 2439 1056 2527 Thucyd.
1072 2446 1092 2522 ξ
1107 2437 1160 2526 45,
1184 2439 1330 2507 Diodori

151 2551 247 2616 XIII
272 2546 326 2614 42.
374 2550 511 2616 Deinde
546 2571 592 2615 ex
624 2549 752 2617 habitu
786 2547 922 2616 exordii
957 2546 1138 2615 Historiae
1173 2549 1331 2615 Graecae

150 2656 303 2724 eandem
338 2678 411 2722 rem
447 2656 587 2723 efficere
610 2678 715 2743 posse
738 2655 805 2723 sibi
829 2655 983 2723 videtur.

264 2785 294 2849 2.
319 2780 487 2868 Quinque
519 2781 732 2869 posteriores
766 2780 875 2848 libros
901 2780 1058 2865 ,ratione
1081 2789 1118 2848 et
1140 2781 1286 2848 consilio
1310 2805 1330 2847 a

150 2887 296 2954 dnobus
318 2887 495 2975 prioribus
512 2886 671 2954 diversos
687 2889 796 2955 esse“.
844 2887 1002 2954 Primum
1019 2885 1113 2952 enim
1131 2908 1172 2952 ea
1187 2908 1226 2952 re
1241 2887 1330 2954 duas

155 3004 275 3081 partes
294 2993 475 3060 Historiae
491 2994 650 3060 Graecae
673 2993 766 3060 inter
789 3014 827 3060 se
843 2993 994 3076 differre,
1017 2992 1112 3080 quod
1128 2992 1329 3080 Xenophon

153 3101 194 3167 in
232 3098 346 3187 priore
384 3120 519 3166 morem
558 3097 829 3184 Thucydideum
876 3120 931 3165 res
971 3107 1092 3185 gestas
1134 3100 1329 3167 secundnm

149 3215 309 3274 aestates
345 3214 453 3293 atque
480 3205 617 3273 hiemes
640 3205 824 3292 digerendi
846 3205 1009 3273 imitatus
1031 3205 1087 3290 sit,
1115 3205 1151 3271 id
1176 3207 1267 3293 quod
1292 3206 1328 3273 in

152 3312 349 3401 posteriore
383 3321 484 3399 parte
519 3313 665 3379 omnino
699 3314 771 3380 lere
805 3334 877 3379 non
900 3312 974 3380 fiat.
1022 3312 1207 3397 Accedere,
1235 3314 1330 3401 quod

150 3419 359 3507 posterioris
394 3419 505 3506 partis
532 3421 639 3507 plane
662 3419 732 3486 alia
756 3427 792 3487 et
814 3419 955 3488 diversa
978 3429 1106 3488 natura
1130 3420 1177 3488 sit
1200 3441 1241 3486 ac
1263 3419 1331 3508 pri-

151 3527 234 3595 oris.
281 3529 375 3593 Nam
409 3526 477 3592 hac
511 3547 590 3593 eum
620 3549 675 3593 res
704 3535 834 3612 gestas,
869 3549 958 3615 quas
992 3526 1219 3614 Thucydides
1254 3528 1331 3594 reli·

149 3632 300 3720 quisset,
335 3632 530 3699 describere
564 3633 601 3699 in
636 3633 757 3700 animo
779 3634 955 3719 habuisse,
990 3643 1111 3702 contra
1135 3635 1331 3722 posteriore

150 3760 238 3807 enm
273 3760 344 3806 non
378 3738 563 3806 historiam
597 3760 808 3827 componere
845 3741 926 3826 „sed
953 3739 1133 3827 sequentis
1161 3741 1330 3827 temporis

154 3845 350 3933 imaginem
389 3846 568 3932 quandam
608 3845 794 3914 exhibere“
831 3847 997 3915 voluisse.
1043 3843 1098 3912 ¹In
1132 3846 1200 3913 hac
1230 3858 1330 3934 parte

150 3952 432 4040 Xenophontem
466 3953 503 4019 in
527 3953 632 4020 rebus
660 3952 792 4022 divinis
816 3962 852 4020 et
874 3951 1041 4021 humanis
1065 3953 1330 4022 considerandis

149 4059 303 4126 omnino
337 4059 560 4147 disciplinam
593 4069 630 4128 et
664 4069 853 4148 praecepta
887 4059 999 4146 sequi,
1039 4081 1132 4148 quae
1166 4061 1329 4129 Socrates

267 4291 292 4379 ¹)
315 4298 525 4374 Xenophontis
548 4299 587 4356 de
610 4299 771 4374 postremis
794 4298 868 4356 belli
883 4299 1133 4374 Peloponnesiaci
1156 4299 1241 4357 annis
1262 4299 1330 4356 libri

149 4385 217 4443 dno
241 4386 303 4444 sive
319 4386 548 4446 Hellenicorum
571 4388 639 4446 libri
662 4387 676 4444 l
699 4395 731 4446 et
752 4387 790 4446 ll.
824 4387 925 4446 Editio
949 4390 1053 4446 altera.
1090 4387 1211 4464 Lipsiae
1236 4384 1331 4447 1880.
