3500 5052
834 404 1055 473 -10-

360 611 453 678 lecta
477 614 796 706 Xenophontea“,¹)
824 619 940 706 capite
968 621 1081 708 tertio,
1109 626 1204 712 quod
1233 638 1288 695 est
1314 629 1359 695 de
1386 629 1542 715 particu-

363 718 477 784 larum
501 721 595 806 apud
612 723 887 810 Xenophontem
911 749 987 796 usu.
1035 730 1116 815 Quo
1138 731 1175 798 in
1193 734 1309 820 capite
1324 734 1536 802 nominatim

361 825 598 911 Roquettium
622 829 726 896 modo
749 830 870 920 (quem
893 855 1001 921 supra
1022 837 1221 924 nominavi)
1244 839 1463 925 aggreditur,
1496 863 1539 908 re

361 952 447 997 vera
470 941 590 1000 autem
613 934 744 1004 iudicio
767 959 832 1006 suo
850 940 1163 1029 Dittenbergerum
1187 966 1258 1010 non
1283 944 1401 1011 minus
1425 965 1533 1031 quam

363 1039 598 1125 Roquettium
621 1042 776 1129 damnat,
799 1047 894 1134 quod
917 1047 1030 1134 ipsius
1049 1050 1240 1117 Hartmani
1256 1049 1374 1118 verbis
1390 1050 1537 1116 demon·
1587 1127 1590 1133 ¹

359 1153 500 1213 stratur.
538 1146 682 1217 Etenim
699 1172 731 1237 p.
747 1150 792 1217 44
815 1155 1000 1220 ostendere
1015 1155 1135 1222 studet
1157 1156 1409 1242 particularum
1427 1176 1531 1222 usum

357 1251 457 1318 nullo
481 1253 587 1320 modo
601 1255 646 1321 ad
663 1265 822 1344 tempora
837 1259 1007 1327 librorum
1023 1260 1224 1329 delinienda
1247 1262 1384 1349 (videas
1400 1283 1535 1348 quaeso

357 1356 461 1440 intra)
501 1358 667 1428 idoneum
703 1384 788 1447 esse,
833 1364 894 1430 sed
928 1364 1048 1451 potius
1082 1367 1386 1455 praepositionum
1424 1368 1532 1454 plane

259 1497 261 1502 ·
357 1464 450 1531 idem
476 1464 758 1552 significantium
782 1463 861 1554 (σύν,
885 1469 971 1556 μετά
998 1511 1034 1521 -
1061 1473 1097 1539 id
1121 1475 1216 1561 quod
1239 1473 1365 1560 Tycho
1388 1473 1537 1541 Momm-

357 1592 463 1638 senus
487 1572 749 1662 affirmaverat),
772 1575 901 1643 deinde
923 1577 975 1644 sic
990 1580 1123 1667 pergit:
1150 1628 1166 1665 „
1185 1631 1192 1650 .
1208 1633 1215 1647 .
1233 1591 1269 1648 et
1284 1602 1367 1648 vera
1384 1583 1532 1648 Momm·

357 1677 433 1744 seui
455 1678 656 1747 observatio
672 1702 754 1749 cum
771 1683 1036 1772 Dittenbergeri
1053 1688 1319 1775 computatione
1334 1686 1424 1755 nihil
1440 1709 1535 1755 com·

355 1806 464 1851 mune
479 1786 616 1854 habet“
651 1788 802 1857 uadem
819 1811 875 1856 res
892 1791 1075 1860 evidenter
1090 1793 1174 1860 inde
1189 1794 1421 1881 intellegitur,
1437 1793 1532 1882 quod

357 1894 589 1977 Hartmanus,
625 1916 705 1962 cunr
741 1896 786 1963 ad
821 1897 929 1965 finem
963 1900 1172 1987 pervenerit,
1211 1901 1461 1988 ,statisticam“
1493 1901 1532 1966 in

357 1998 561 2068 universum
578 2000 736 2086 damnat3
753 2003 782 2070 si
793 2024 831 2070 re
843 2026 937 2088 vera,
949 2015 990 2073 ut
1002 2007 1105 2075 initio
1116 2007 1193 2094 ipse
1206 2007 1349 2094 quidem
1366 2006 1534 2087 affirmat,

356 2105 622 2193 Dittenbergeri
647 2110 871 2195 quaestiones
895 2113 1081 2200 exciperet,
1106 2114 1177 2179 tale
1199 2111 1370 2179 iudicium
1394 2111 1430 2176 in
1453 2109 1530 2176 fine

355 2214 454 2280 nullo
480 2214 584 2281 modo
608 2216 745 2284 edicere
768 2218 801 2285 ei
824 2218 961 2287 licebat

463 2323 534 2387 Res
562 2324 731 2408 postulat,
760 2335 801 2392 ut
828 2347 936 2412 quam
965 2325 1174 2393 brevissime
1202 2324 1246 2388 de
1271 2322 1456 2409 Roquettii
1479 2322 1531 2389 in-

355 2427 605 2513 quisitionibus
629 2430 786 2498 referam.
834 2430 1099 2517 Dittenbergeri
1121 2429 1421 2495 commentatione
1437 2449 1529 2495 com-

327 2617 329 2624 Ι
354 2545 473 2603 motus
501 2535 563 2602 ille
590 2535 628 2602 in
652 2536 920 2621 dissertationis,
944 2558 1051 2623 quam
1076 2534 1268 2619 nominavi,
1291 2535 1530 2622 paragraphis

355 2663 451 2710 noua
473 2664 515 2710 ac
537 2643 675 2710 decima
692 2653 852 2732 tempora
868 2650 1075 2710 cunctorum
1092 2641 1342 2728 Xenophontis
1357 2641 1528 2708 librorum

354 2749 503 2816 delinire
531 2750 688 2838 suscepit
715 2750 822 2838 idque
850 2772 892 2817 ea
915 2749 1060 2833 ratione,
1083 2757 1126 2816 ut
1147 2747 1397 2835 Xenophontis
1422 2769 1528 2815 usum

354 2856 513 2923 omnium
529 2857 783 2944 particularum
800 2855 1019 2944 perquireret
1034 2864 1070 2922 et
1080 2855 1262 2922 conferret.
1302 2855 1412 2922 Nullo
1422 2855 1532 2921 modo
1617 2925 1620 2932 ,

354 2961 430 3030 lieri
456 2972 584 3050 potest,
609 2974 650 3032 ut
671 2965 740 3031 hoe
762 2964 840 3030 loco
863 2963 953 3029 duas
976 2962 1056 3030 illas
1080 2962 1246 3049 ingentes
1268 2961 1454 3049 Roquettii
1478 2971 1529 3029 ta·

353 3070 458 3138 bulas
486 3091 700 3156 recenseam,
728 3071 791 3138 sed
813 3070 1010 3157 imaginem
1033 3071 1160 3137 saltem
1183 3069 1394 3156 diligentiae
1418 3078 1455 3135 et
1476 3069 1532 3135 in-

354 3177 521 3262 dustriae,
556 3199 663 3265 quam
700 3177 915 3264 Roquettius
945 3177 1132 3265 praestitit,
1167 3174 1349 3244 exhibebo.
1408 3175 1530 3243 Priore
1605 3183 1608 3188 '

356 3284 479 3351 tabula
502 3285 667 3366 ostendit,
691 3283 855 3371 quotiens
871 3285 1037 3371 singulae
1052 3283 1248 3370 particulae
1263 3283 1299 3348 in
1318 3283 1525 3350 uuiversum

352 3390 582 3458 inveniantur
604 3391 642 3456 in
665 3390 817 3478 singulis
841 3391 951 3475 libris3
975 3391 1123 3478 inquirit
1145 3399 1265 3456 autem
1289 3390 1326 3456 in
1342 3390 1423 3458 has:
1447 3387 1522 3479 μήν,

353 3487 418 3580 οὖν,
444 3494 495 3587 δή,
521 3521 565 3587 γε,
587 3496 642 3565 τοί
665 3507 741 3582 ctu,
765 3497 839 3587 πέρ,
865 3496 986 3588 δήπου,
1012 3486 1084 3587 ἔρα,
1110 3487 1160 3580 αὖ,
1185 3496 1273 3584 quin
1297 3496 1405 3562 etiam
1422 3495 1530 3583 parti·

355 3604 453 3672 culas
476 3628 511 3670 τε
534 3613 571 3670 et
593 3605 630 3673 δέ
653 3605 808 3692 collegit,
832 3606 897 3671 has
922 3604 1065 3691 quidem
1089 3603 1230 3690 scriptis
1254 3603 1447 3670 maioribus
1470 3623 1528 3668 ex·

352 3710 469 3777 clusis.
516 3711 656 3778 Deinde
678 3711 890 3799 quibuscum
915 3711 993 3778 aliis
1009 3711 1091 3777 illae
1107 3709 1302 3797 particulae
1317 3708 1531 3777 coniunctae

350 3817 589 3902 inveniantur,
627 3819 821 3906 posteriore
856 3818 977 3886 tabula
1013 3816 1169 3885 ostendit
1203 3815 1381 3903 simulque
1416 3825 1530 3900 notat,

352 3924 515 4011 quotiens
545 3924 710 4012 singulae
737 3926 991 4013 particularum
1021 3922 1288 3992 coniunctiones
1312 3923 1349 3989 in
1372 3922 1529 4011 singulis
1569 4013 1574 4022 Ι

352 4030 451 4097 libris
485 4032 734 4120 Xenophontis
773 4042 923 4100 exstent.
981 4033 1077 4102 Sunt
1115 4040 1235 4098 autem
1270 4030 1528 4118 particularum

352 4137 619 4212 coniunctiones
643 4139 724 4206 hae:

350 4283 565 4295 ——--—-——

462 4353 487 4442 ¹)
510 4358 648 4435 Lugduni
671 4358 854 4416 Batavorum
881 4355 975 4416 1887.
