3500 5052
833 356 1032 426 ..8..

342 533 384 598 R
409 531 566 616 Hirzel,
593 536 666 602 Der
690 533 832 621 Dialog.
868 535 965 624 Lips.
991 533 1088 605 1895.
1113 534 1222 607 1172.

342 637 379 706 C.
404 639 690 726 Wachsmuth,
719 641 811 712 Einl.
834 641 856 709 i.
880 641 911 708 d.
932 642 1033 712 stud.
1057 643 1091 711 d.
1108 667 1137 711 a.
1154 643 1281 712 Gesch.
1306 642 1401 732 Lips.
1416 641 1516 711 1888.

500 769 535 832 p.
559 743 625 812 533
649 770 724 836 sqq.
757 753 840 832 (tres
872 760 992 837 partes
1015 749 1207 838 distinguit
1229 753 1329 816 1-11
1353 746 1452 834 3,10;
1477 753 1513 816 11

508 851 676 938 3,11-v
699 855 729 941 1,
742 853 802 930 353
827 857 860 924 V
885 855 913 941 1,
928 853 1110 938 36-v11.)

449 999 580 1070 Contra
613 1023 673 1068 eos
706 999 813 1085 viros,
850 1000 910 1086 qui
944 998 1218 1068 accuratissimis
1247 999 1514 1088 quaestionibus

340 1107 471 1175 habitis
499 1130 541 1175 eo
568 1107 729 1196 perducti
758 1118 856 1192 sunt,
886 1117 927 1174 nt
955 1107 1137 1174 Historiae
1164 1108 1326 1174 Graecae
1354 1106 1514 1175 diversas

341 1224 458 1303 partes
481 1213 755 1300 distinguendas
771 1235 847 1280 esse
864 1212 1120 1296 existimarent,
1144 1214 1215 1281 duo
1231 1213 1299 1281 viri
1316 1213 1513 1282 doctissimi

340 1331 539 1388 nostrorum
573 1321 710 1388 dierum
743 1320 788 1388 ad
820 1320 1033 1388 senteutiam
1067 1341 1188 1388 eorum
1221 1319 1415 1400 redierunt,
1452 1321 1515 1408 qui

339 1427 428 1494 illud
456 1448 546 1515 opus
569 1448 641 1493 uno
666 1435 787 1494 tenore
810 1425 1046 1513 compositum
1070 1447 1148 1494 esse
1171 1447 1380 1514 persuasum
1403 1425 1515 1493 habu·

341 1543 460 1601 erunt:
493 1533 558 1602 Ed.
575 1532 845 1620 Schwartzius1)
868 1543 904 1600 et
927 1533 991 1604 Ed.
1017 1535 1180 1618 Meyerus
1188 1532 1224 1620 ²),
1247 1533 1298 1600 ita
1322 1543 1362 1601 ut
1385 1543 1515 1621 pateat,

339 1639 544 1708 intricatam
578 1640 672 1707 hanc
703 1639 947 1727 quaestionem
979 1640 1023 1706 ad
1056 1639 1231 1728 liquidum
1263 1638 1409 1707 minime
1443 1640 1514 1706 iam

340 1747 533 1814 adductam
557 1767 643 1815 esse.

445 1853 513 1920 Sed
546 1875 627 1920 cum
650 1854 718 1921 viri
741 1854 836 1922 docti
860 1876 991 1938 omneS,
1027 1854 1089 1942 qui
1112 1854 1192 1922 sive
1212 1855 1257 1921 ab
1280 1853 1349 1920 hac
1371 1853 1447 1922 sive
1470 1855 1515 1920 ab

336 1961 402 2030 illa
414 1973 515 2047 parte
527 1960 610 2027 huic
622 1960 821 2047 quaestioni
832 1981 975 2048 operam
986 1970 1219 2044 navaverunt,
1231 1961 1268 2026 in
1279 1961 1516 2028 examinanda

340 2089 457 2135 rerum
493 2077 677 2155 gestarum
712 2069 882 2135 memoria
915 2068 1152 2156 narrandique
1186 2067 1324 2135 ratione
1356 2070 1516 2135 aXeno-

339 2176 474 2263 phonte
496 2174 657 2242 adhibita
672 2197 814 2242 omnem
831 2196 974 2262 operam
991 2173 1262 2257 conlocaverint,
1286 2185 1368 2242 ante
1383 2175 1450 2242 hos
1467 2176 1517 2242 vi·

341 2282 434 2368 ginti
468 2304 532 2348 sex
567 2303 679 2348 annos
719 2281 922 2349 Guilelmus
951 2281 1238 2367 Dittenberger,³)
1278 2281 1333 2348 vir
1359 2281 1518 2348 doctissi-

341 2410 422 2456 mus
446 2398 481 2454 et
505 2388 677 2474 magister
704 2387 792 2454 mihi
815 2387 971 2454 maxime
994 2388 1221 2471 reverendus,
1245 2387 1420 2454 rationem
1444 2409 1516 2454 onr-

341 2493 426 2561 nino
461 2495 533 2560 lere
562 2514 692 2560 novam
722 2491 923 2580 inquirendi
946 2492 984 2559 in
1013 2493 1168 2561 medium
1196 2494 1355 2580 protulit.
1402 2495 1518 2578 Quae·

343 2601 477 2668 stiones
500 2599 607 2684 illius,
632 2599 760 2686 quibus
784 2599 897 2666 ordini
920 2599 1169 2687 chronologico
1193 2600 1417 2687 dialogorum
1443 2602 1519 2667 Pla-

342 2707 540 2776 tonicorum
573 2708 690 2773 lucem
723 2706 852 2791 attulit,
888 2707 1094 2775 celebriores
1125 2716 1218 2792 sunt,
1254 2727 1359 2793 quarn
1384 2717 1425 2775 ut
1449 2708 1516 2774 hoc

342 2816 420 2884 loco
447 2835 507 2882 eas
530 2814 675 2881 laudare
699 2813 897 2898 conveniat,
920 2814 981 2880 sed
1006 2836 1077 2882 uuo
1100 2815 1210 2882 verbo
1225 2813 1399 2882 rationem
1417 2815 1515 2881 illam

340 2943 471 2988 novam
495 2920 690 2988 describere
715 2919 802 2987 mihi
825 2919 940 2992 liceat.
988 2921 1126 2988 Primus
1141 2920 1202 2987 ille
1218 2920 1273 2989 vir
1289 2920 1515 2988 doctissimus

342 3049 408 3094 usu
433 3038 540 3113 atque
564 3049 695 3112 genere
718 3026 867 3111 dicendi,
891 3028 986 3115 quod
1010 3028 1160 3115 scriptor
1183 3028 1351 3114 sequitur,
1376 3049 1515 3094 accura-

342 3133 476 3202 tissime
512 3132 748 3200 examinando
783 3155 845 3221 per
880 3135 1025 3222 singula
1060 3134 1191 3221 scripta
1218 3143 1254 3201 et
1278 3135 1516 3221 comparando

341 3250 552 3328 argumenta
576 3240 644 3307 sibi
668 3240 895 3326 comparavit,
919 3240 1047 3326 quibus
1063 3241 1372 3325 demonstraretur,
1396 3250 1515 3308 utrum

343 3346 428 3413 certi
464 3346 599 3432 dialogi
636 3345 793 3412 Platonis
828 3346 953 3413 eodem
989 3368 1035 3412 an
1070 3347 1209 3414 diverso
1246 3359 1404 3434 ternpore
1437 3369 1517 3414 con·

344 3453 466 3539 scripti
491 3461 619 3520 essent.
672 3455 714 3518 In
739 3453 861 3520 eadem
897 3454 1195 3521 commentatione
1219 3454 1516 3540 Dittenbergerus

342 3559 497 3627 breviter
511 3559 675 3640 ostendit,
698 3573 740 3628 ut
754 3559 791 3626 iu
809 3561 1001 3644 Platonem,
1024 3561 1075 3628 sic
1091 3561 1198 3630 etiarn
1214 3561 1251 3627 in
1267 3561 1516 3648 Xenophontis

342 3667 450 3734 libros
473 3667 571 3733 illam
595 3665 768 3733 rationem
792 3667 983 3754 quaerendi
1006 3667 1165 3735 adhiberi
1190 3670 1332 3756 posse.⁴)

453 3867 476 3945 ¹)
501 3869 581 3927 Mus.
603 3870 699 3928 Rhen.
722 3869 824 3928 XLIV
853 3869 935 3931 1889
959 3891 988 3947 p.
1016 3869 1074 3932 161
1102 3889 1169 3948 sqq.

452 3953 479 4038 ²)
503 3957 617 4019 Gesch.
642 3959 671 4018 d.
696 3960 869 4030 Altertums,
890 3961 950 4019 vol.
969 3959 1012 4018 ΙΙΙ
1038 3958 1119 4021 1901
1144 3979 1174 4035 p.
1192 3958 1268 4022 278.
1281 3958 1355 4019 281.

451 4041 478 4125 3)
501 4046 632 4104 Hermes
656 4043 728 4104 XVI
754 4047 834 4108 1881
861 4068 891 4124 p.
904 4047 965 4110 321
982 4066 1048 4124 sqq.

451 4131 479 4216 ⁴)
506 4137 584 4194 Ante
612 4136 879 4212 Dittenbergerum
907 4138 938 4195 in
966 4155 1054 4194 usum
1083 4138 1204 4195 dicendi
1231 4137 1442 4213 Xenophontis
1471 4139 1516 4195 in·

344 4223 529 4300 qnisirernnt
556 4225 634 4283 inter
662 4225 737 4284 alios
766 4225 805 4283 H.
828 4226 996 4294 Beckhaus‚
1024 4225 1072 4284 De
1096 4225 1319 4302 Xenophonteo
1349 4227 1401 4302 qui
1424 4227 1518 4285 fertur

344 4313 494 4388 Agesilao,
520 4314 601 4372 Diss.
624 4313 722 4378 Berol.
743 4313 837 4374 1863.
860 4314 940 4390 p.3l
967 4333 1032 4391 sqq.
1053 4323 1085 4374 et
1098 4314 1133 4373 E.
1149 4315 1319 4384 Naumaun,
1343 4316 1391 4374 De
1408 4315 1518 4373 Xeno-
