3500 5052
696 385 899 454 ..9-

319 605 370 668 Ac
393 601 465 669 iam
488 603 642 686 luerunt,
666 600 727 689 qui
750 601 786 668 in
812 622 854 668 ea
870 600 939 685 via,
962 621 1069 689 quam
1088 599 1384 687 Dittenbergerus

206 709 246 776 in
271 708 539 797 quaestionibus
556 707 746 776 Platonicis
769 707 953 794 ingressus
977 716 1041 791 est,
1065 708 1108 774 ad
1133 705 1251 774 studia
1266 709 1385 774 Xeno·

207 816 365 903 phontea
400 815 602 882 adiuvanda
637 836 785 902 pergere
817 823 1039 898 conarentur,
1068 813 1240 901 equibus
1263 812 1301 880 bi
1325 835 1386 880 no·

207 922 368 990 minandi
393 922 573 989 videntur:

207 1029 353 1097 Adalb.
383 1031 613 1115 Roquette,
649 1031 703 1095 De
726 1028 976 1117 Xenophontis
1007 1027 1089 1096 vita.
1138 1027 1228 1094 Diss.
1276 1027 1384 1114 Regi-

372 1145 482 1202 mont.
505 1131 605 1203 1884.

209 1241 271 1310 Fr.
302 1242 558 1325 Rosenstiel,
583 1244 637 1308 De
660 1241 909 1329 Xenophontis
934 1241 1115 1309 Historiae
1138 1241 1198 1309 Gr.
1213 1252 1314 1328 parte
1330 1240 1384 1307 bis

368 1348 475 1416 edita.
522 1348 616 1417 Diss.
662 1345 946 1435 Gotting.1882.
1077 1359 1081 1366 ‘

209 1457 255 1522 H.
279 1456 460 1543 Sauppe,
489 1457 620 1523 Nachr.
649 1457 682 1522 d.
707 1457 742 1524 k.
772 1456 856 1524 Ges.
885 1457 918 1524 d.
942 1459 996 1526 W.
1026 1477 1069 1522 zu
1098 1450 1384 1540 Giitting.1882.

370 1585 404 1650 p.
428 1560 614 1630 297-308.

204 1671 242 1753 J.
273 1671 312 1736 A.
341 1669 499 1753 Simon,
533 1670 849 1757 Xenophontische
883 1669 1043 1738 Studien.
1092 1672 1212 1755 Progr.
1249 1668 1383 1737 Diiren.

368 1773 456 1842 1887
480 1776 575 1842 etin
600 1777 729 1844 Annal.
754 1775 925 1844 Fleckeis.
949 1773 1025 1859 137,
1050 1772 1145 1860 1888,
1168 1796 1202 1861 p.
1228 1772 1302 1840 745.

207 1880 248 1948 T.
274 1885 510 1966 Mommsen,
534 1882 641 1952 Beitr.
664 1905 726 1951 zur
751 1883 866 1956 Lehre
889 1907 922 1951 v.
945 1883 978 1967 d,
1004 1904 1056 1969 gr.
1082 1885 1221 1970 Prdpos.
1268 1883 1382 1950 Berol.

368 1987 465 2074 1895,
488 2011 521 2076 p.
540 1987 616 2058 365.

204 2099 240 2181 J.
258 2097 299 2163 A.
319 2099 363 2163 H.
388 2097 610 2180 Richards,
634 2097 714 2164 The
730 2097 921 2180 Hellenics,
939 2097 1105 2164 Classical
1123 2097 1269 2164 Review
1287 2093 1382 2180 1901,

367 2225 402 2290 p.
421 2200 484 2269 197
507 2226 581 2291 sqq.

316 2310 404 2378 Cum
444 2332 513 2397 ego
551 2332 691 2398 quoque
723 2333 744 2376 a
775 2311 1050 2397 Dittenbergero
1082 2311 1256 2397 magistro
1293 2309 1381 2377 mihi

204 2417 362 2484 maxime
392 2419 539 2484 colendo
564 2419 768 2485 admonitus
796 2417 833 2484 in
863 2417 1021 2484 animum
1050 2417 1249 2484 induxerim
1278 2439 1383 2505 quae-

203 2525 340 2592 stiones
374 2524 470 2591 illius
506 2525 648 2611 generis
681 2525 880 2609 instituere,
913 2547 1027 2612 pauca
1063 2525 1151 2591 mihi
1185 2525 1379 2613 praefanda

208 2632 374 2701 videntur
408 2632 452 2698 de
487 2653 609 2699 eorum
646 2632 802 2699 virorum
835 2633 1019 2700 doctorum
1052 2632 1286 2718 argumentis,
1320 2632 1380 2718 qui

206 2738 409 2806 universam
434 2738 526 2806 hanc
548 2739 723 2806 rationem
746 2739 783 2805 in
807 2740 1028 2806 numeranda
1045 2739 1299 2827 particularum
1315 2740 1380 2805 fre-

205 2845 352 2934 quentia
375 2845 617 2931 rimandisque
639 2845 812 2913 sermonis
835 2844 1045 2912 differentiis
1068 2845 1220 2931 positam
1237 2845 1379 2912 reiecta·

207 2973 310 3018 neam
336 2950 551 3018 arbitrantur
575 2973 687 3039 eaque
710 2954 769 3019 via
793 2952 838 3018 ad
854 2952 1011 3018 indolem
1028 2961 1258 3038 temporaque
1274 2951 1381 3038 scrip·

207 3068 324 3124 torum
360 3067 520 3124 veterum
556 3067 649 3125 recte
684 3058 907 3125 aestimanda
942 3058 1076 3145 aliquid
1116 3057 1230 3126 bonae
1265 3057 1378 3144 frugis

204 3163 339 3250 percipi
366 3184 471 3250 posse
494 3173 638 3250 negant.
685 3167 729 3230 In
753 3164 883 3252 quibus
906 3165 1020 3252 primo
1042 3166 1120 3231 loco
1143 3163 1378 3231 recensendus

203 3280 261 3338 est
282 3273 316 3355 J.
332 3273 364 3355 J.
382 3273 560 3337 Hartman
582 3274 747 3354 Batavus,
772 3293 877 3360 quem
902 3273 959 3340 vel
983 3272 1172 3341 Eduardus
1188 3271 1377 3355 Schwartz,

206 3377 261 3445 vir
298 3378 539 3462 doctissimus,
578 3378 635 3445 his
673 3379 790 3446 verbis
830 3380 1029 3446 collaudare
1072 3379 1153 3447 non'
1181 3379 1377 3448 dubitavit:

208 3533 225 3570 „
250 3535 258 3552 .
282 3534 291 3552 .
316 3484 383 3552 wie
406 3485 687 3554 riberraschende
713 3487 898 3554 Resultate
922 3486 1033 3554 durch
1057 3487 1115 3554 die
1138 3486 1378 3556 ..Methode

205 3590 378 3677 gezeitigt
401 3592 551 3674 werden,
580 3614 667 3679 mag
689 3592 747 3659 die
770 3594 985 3680 ergdtzliche
1009 3594 1124 3662 Satire
1147 3595 1282 3681 zeigen,
1312 3595 1378 3662 mit

201 3699 268 3766 der
295 3699 423 3786 jiingst
451 3701 512 3766 der
544 3701 740 3766 Hollainder
774 3703 950 3768 Hartman
980 3702 1017 3768 in
1053 3703 1176 3769 seinen
1205 3703 1377 3769 Analecta

192 3806 464 3892 ,Xenophontea
497 3805 592 3873 diese
623 3807 789 3874 Methode
822 3802 1072 3895 heimgesucht
1102 3809 1225 3893 lrat“¹)
1275 3813 1378 3878 Inve-

204 3911 352 3978 niuntur
367 3911 553 3980 Hartmani
574 3924 787 4000 argumenta
803 3915 840 3980 in
856 3915 945 3998 libri,
969 3915 1028 4002 qui
1045 3914 1247 3983 inscribitur
1266 3918 1379 4003 „Ana-

205 4079 325 4152 phontis
348 4077 424 4136 libro
454 4080 505 4156 qui
528 4076 654 4142 Λακεό.
672 4075 836 4142 Πολιτεία
861 4082 1040 4151 inscribitur,
1063 4039 1376 4146 praenuntiato.

205 4185 235 4240 p.
251 4165 292 4225 48
306 4157 364 4243 sq.,'
397 4169 451 4225 sed
480 4169 511 4225 id
539 4177 655 4227 tanturn
679 4171 876 4245 respicientes
900 4172 1102 4247 genuinumne
1127 4180 1209 4232 esset
1231 4174 1376 4249 scriptum

203 4256 371 4330 quodpiam
394 4275 502 4315 necne.

315 4345 337 4420 ¹)
362 4346 439 4403 Mus.
461 4346 517 4404 Rh.
540 4346 641 4404 XLIV
668 4347 751 4410 1889
775 4349 885 4425 p.184
910 4369 955 4426 sq.
