<?xml version="1.0" encoding="UTF-8"?>
<!DOCTYPE html PUBLIC "-//W3C//DTD XHTML 1.0 Transitional//EN"
    "http://www.w3.org/TR/xhtml1/DTD/xhtml1-transitional.dtd">
<html xmlns="http://www.w3.org/1999/xhtml" xml:lang="en" lang="en">
 <head>
  <title>
</title>
<meta http-equiv="Content-Type" content="text/html;charset=utf-8" />
  <meta name='ocr-system' content='tesseract 3.04.00' />
  <meta name='ocr-capabilities' content='ocr_page ocr_carea ocr_par ocr_line ocrx_word'/>
</head>
<body>
  <div class='ocr_page' id='page_1' title='image "./quaestionumxeno00mlgoog_0032.png"; bbox 0 0 3500 5052; ppageno 0'>
   <div class='ocr_carea' id='block_1_1' title="bbox 710 333 932 404">
    <p class='ocr_par' dir='ltr' id='par_1_1' title="bbox 710 333 932 404">
     <span class='ocr_line' id='line_1_1' title="bbox 710 333 932 404; baseline 0 -16"><span class='ocrx_word' id='word_1_1' title='bbox 710 333 932 404; x_wconf 75' lang='lat'><strong>..25-</strong></span> 
     </span>
    </p>
   </div>
   <div class='ocr_carea' id='block_1_2' title="bbox 233 550 1412 1280">
    <p class='ocr_par' dir='ltr' id='par_1_2' title="bbox 233 550 1412 1280">
     <span class='ocr_line' id='line_1_2' title="bbox 236 550 1412 638; baseline -0.002 -19"><span class='ocrx_word' id='word_1_2' title='bbox 236 575 260 619; x_wconf 87' lang='lat' dir='ltr'><strong>a</strong></span> <span class='ocrx_word' id='word_1_3' title='bbox 289 550 474 618; x_wconf 88' lang='lat' dir='ltr'><strong>voluntate</strong></span> <span class='ocrx_word' id='word_1_4' title='bbox 508 561 572 619; x_wconf 91' lang='lat' dir='ltr'><strong>aut</strong></span> <span class='ocrx_word' id='word_1_5' title='bbox 598 550 744 638; x_wconf 83' lang='lat' dir='ltr'><strong>ingenio</strong></span> <span class='ocrx_word' id='word_1_6' title='bbox 779 550 968 638; x_wconf 89' lang='lat' dir='ltr'><strong>scriptoris,</strong></span> <span class='ocrx_word' id='word_1_7' title='bbox 1002 551 1064 617; x_wconf 93' lang='lat' dir='ltr'><strong>sed</strong></span> <span class='ocrx_word' id='word_1_8' title='bbox 1100 574 1121 618; x_wconf 87' lang='lat' dir='ltr'><strong>a</strong></span> <span class='ocrx_word' id='word_1_9' title='bbox 1155 550 1412 620; x_wconf 87' lang='lat' dir='ltr'><strong>consuetudine</strong></span> 
     </span>
     <span class='ocr_line' id='line_1_3' title="bbox 240 656 1411 746; baseline 0 -20"><span class='ocrx_word' id='word_1_10' title='bbox 240 656 383 744; x_wconf 81' lang='lat' dir='ltr'><strong>vulgari</strong></span> <span class='ocrx_word' id='word_1_11' title='bbox 418 666 455 725; x_wconf 93' lang='lat' dir='ltr'><strong>et</strong></span> <span class='ocrx_word' id='word_1_12' title='bbox 482 681 503 725; x_wconf 98' lang='lat' dir='ltr'><strong>a</strong></span> <span class='ocrx_word' id='word_1_13' title='bbox 536 681 680 744; x_wconf 82' lang='lat' dir='ltr'><strong>„norma</strong></span> <span class='ocrx_word' id='word_1_14' title='bbox 713 657 902 746; x_wconf 79' lang='lat' dir='ltr'><strong>loquendi“</strong></span> <span class='ocrx_word' id='word_1_15' title='bbox 941 657 1050 725; x_wconf 88' lang='lat' dir='ltr'><strong>totius</strong></span> <span class='ocrx_word' id='word_1_16' title='bbox 1086 659 1212 726; x_wconf 89' lang='lat' dir='ltr'><strong>aetatis</strong></span> <span class='ocrx_word' id='word_1_17' title='bbox 1247 657 1411 745; x_wconf 76' lang='lat' dir='ltr'><strong>pendeat.</strong></span> 
     </span>
     <span class='ocr_line' id='line_1_4' title="bbox 235 763 1412 886; baseline -0.005 -50"><span class='ocrx_word' id='word_1_18' title='bbox 235 767 410 886; x_wconf 81' lang='lat' dir='ltr'><strong>Apertum</strong></span> <span class='ocrx_word' id='word_1_19' title='bbox 435 773 491 831; x_wconf 91' lang='lat' dir='ltr'><strong>est</strong></span> <span class='ocrx_word' id='word_1_20' title='bbox 517 764 553 830; x_wconf 95' lang='lat' dir='ltr'><strong>in</strong></span> <span class='ocrx_word' id='word_1_21' title='bbox 578 763 800 850; x_wconf 83' lang='lat' dir='ltr'>Thucydidis</span> <span class='ocrx_word' id='word_1_22' title='bbox 835 786 900 831; x_wconf 90' lang='lat' dir='ltr'><strong>usu</strong></span> <span class='ocrx_word' id='word_1_23' title='bbox 931 763 1070 831; x_wconf 88' lang='lat' dir='ltr'><strong>dicendi</strong></span> <span class='ocrx_word' id='word_1_24' title='bbox 1103 763 1359 832; x_wconf 83' lang='lat' dir='ltr'><strong>conferendo</strong></span> <span class='ocrx_word' id='word_1_25' title='bbox 1348 784 1412 830; x_wconf 85' lang='lat' dir='ltr'><strong>rm·</strong></span> 
     </span>
     <span class='ocr_line' id='line_1_5' title="bbox 235 869 1411 960; baseline -0.001 -23"><span class='ocrx_word' id='word_1_26' title='bbox 235 871 360 960; x_wconf 91' lang='lat' dir='ltr'><strong>primis</strong></span> <span class='ocrx_word' id='word_1_27' title='bbox 387 870 431 938; x_wconf 92' lang='lat' dir='ltr'><strong>iis</strong></span> <span class='ocrx_word' id='word_1_28' title='bbox 455 871 587 938; x_wconf 86' lang='lat' dir='ltr'><strong>tabulis</strong></span> <span class='ocrx_word' id='word_1_29' title='bbox 614 873 799 940; x_wconf 87' lang='lat' dir='ltr'><strong>iocumt</strong></span> <span class='ocrx_word' id='word_1_30' title='bbox 762 881 870 960; x_wconf 87' lang='lat' dir='ltr'><strong>atque</strong></span> <span class='ocrx_word' id='word_1_31' title='bbox 893 872 1140 938; x_wconf 89' lang='lat' dir='ltr'><strong>auctoritatem</strong></span> <span class='ocrx_word' id='word_1_32' title='bbox 1166 893 1251 954; x_wconf 91' lang='lat' dir='ltr'><strong>esse,</strong></span> <span class='ocrx_word' id='word_1_33' title='bbox 1281 869 1411 958; x_wconf 89' lang='lat' dir='ltr'><strong>quibus</strong></span> 
     </span>
     <span class='ocr_line' id='line_1_6' title="bbox 233 975 1411 1065; baseline -0.002 -20"><span class='ocrx_word' id='word_1_34' title='bbox 233 979 399 1045; x_wconf 87' lang='lat' dir='ltr'><strong>diversae</strong></span> <span class='ocrx_word' id='word_1_35' title='bbox 423 976 587 1044; x_wconf 91' lang='lat' dir='ltr'><strong>notiones</strong></span> <span class='ocrx_word' id='word_1_36' title='bbox 610 978 775 1046; x_wconf 86' lang='lat' dir='ltr'>vocabuli</span> <span class='ocrx_word' id='word_1_37' title='bbox 800 977 997 1065; x_wconf 89' lang='lat' dir='ltr'><strong>cuiuspiam</strong></span> <span class='ocrx_word' id='word_1_38' title='bbox 1021 978 1320 1061; x_wconf 86' lang='lat' dir='ltr'><strong>demonstrantur,</strong></span> <span class='ocrx_word' id='word_1_39' title='bbox 1347 975 1411 1043; x_wconf 87' lang='lat' dir='ltr'><strong>sed</strong></span> 
     </span>
     <span class='ocr_line' id='line_1_7' title="bbox 237 1077 1411 1172; baseline -0.003 -20.997"><span class='ocrx_word' id='word_1_40' title='bbox 237 1077 384 1151; x_wconf 76' lang='lat' dir='ltr'><strong>&#39;omnino</strong></span> <span class='ocrx_word' id='word_1_41' title='bbox 401 1105 524 1151; x_wconf 88' lang='lat' dir='ltr'><strong>omnes</strong></span> <span class='ocrx_word' id='word_1_42' title='bbox 537 1107 597 1151; x_wconf 90' lang='lat' dir='ltr'><strong>eas</strong></span> <span class='ocrx_word' id='word_1_43' title='bbox 608 1084 747 1152; x_wconf 85' lang='lat' dir='ltr'><strong>tabulas</strong></span> <span class='ocrx_word' id='word_1_44' title='bbox 760 1084 976 1152; x_wconf 91' lang='lat' dir='ltr'><strong>omittendas</strong></span> <span class='ocrx_word' id='word_1_45' title='bbox 989 1105 1075 1168; x_wconf 88' lang='lat' dir='ltr'><strong>esse,</strong></span> <span class='ocrx_word' id='word_1_46' title='bbox 1090 1085 1219 1172; x_wconf 92' lang='lat' dir='ltr'><strong>quibus</strong></span> <span class='ocrx_word' id='word_1_47' title='bbox 1231 1082 1411 1171; x_wconf 91' lang='lat' dir='ltr'><strong>scriptoris</strong></span> 
     </span>
     <span class='ocr_line' id='line_1_8' title="bbox 235 1189 1410 1280; baseline -0.002 -23"><span class='ocrx_word' id='word_1_48' title='bbox 235 1191 401 1278; x_wconf 92' lang='lat' dir='ltr'><strong>proprius</strong></span> <span class='ocrx_word' id='word_1_49' title='bbox 437 1213 522 1258; x_wconf 92' lang='lat' dir='ltr'><strong>usus</strong></span> <span class='ocrx_word' id='word_1_50' title='bbox 557 1191 697 1259; x_wconf 91' lang='lat' dir='ltr'><strong>dicendi</strong></span> <span class='ocrx_word' id='word_1_51' title='bbox 737 1192 954 1276; x_wconf 85' lang='lat' dir='ltr'><strong>ostendatur,</strong></span> <span class='ocrx_word' id='word_1_52' title='bbox 989 1213 1095 1280; x_wconf 90' lang='lat' dir='ltr'><strong>quam</strong></span> <span class='ocrx_word' id='word_1_53' title='bbox 1131 1192 1175 1259; x_wconf 91' lang='lat' dir='ltr'><strong>ad</strong></span> <span class='ocrx_word' id='word_1_54' title='bbox 1210 1211 1284 1258; x_wconf 89' lang='lat' dir='ltr'><strong>rem</strong></span> <span class='ocrx_word' id='word_1_55' title='bbox 1319 1189 1410 1256; x_wconf 86' lang='lat' dir='ltr'><strong>inira</strong></span> 
     </span>
    </p>
   </div>
   <div class='ocr_carea' id='block_1_3' title="bbox 231 1298 367 1366">
    <p class='ocr_par' dir='ltr' id='par_1_3' title="bbox 231 1298 367 1366">
     <span class='ocr_line' id='line_1_9' title="bbox 231 1298 367 1366; baseline 0.015 -2"><span class='ocrx_word' id='word_1_56' title='bbox 231 1298 367 1366; x_wconf 80' lang='lat' dir='ltr'>redibo.</span> 
     </span>
    </p>
   </div>
   <div class='ocr_carea' id='block_1_4' title="bbox 229 1441 1411 1956">
    <p class='ocr_par' dir='ltr' id='par_1_4' title="bbox 229 1441 1411 1956">
     <span class='ocr_line' id='line_1_10' title="bbox 312 1441 1411 1531; baseline -0.001 -24"><span class='ocrx_word' id='word_1_57' title='bbox 312 1488 314 1492; x_wconf 90' lang='lat'>-</span> <span class='ocrx_word' id='word_1_58' title='bbox 343 1441 551 1529; x_wconf 85' lang='lat' dir='ltr'>Priusquam</span> <span class='ocrx_word' id='word_1_59' title='bbox 577 1443 718 1510; x_wconf 86' lang='lat' dir='ltr'><strong>tabulas</strong></span> <span class='ocrx_word' id='word_1_60' title='bbox 733 1465 854 1510; x_wconf 93' lang='lat' dir='ltr'><strong>earum</strong></span> <span class='ocrx_word' id='word_1_61' title='bbox 876 1464 1014 1528; x_wconf 88' lang='lat' dir='ltr'><strong>vocum,</strong></span> <span class='ocrx_word' id='word_1_62' title='bbox 1038 1464 1127 1531; x_wconf 89' lang='lat' dir='ltr'><strong>quas</strong></span> <span class='ocrx_word' id='word_1_63' title='bbox 1151 1441 1294 1526; x_wconf 88' lang='lat' dir='ltr'><strong>contuli,</strong></span> <span class='ocrx_word' id='word_1_64' title='bbox 1318 1461 1411 1507; x_wconf 91' lang='lat' dir='ltr'><strong>com·</strong></span> 
     </span>
     <span class='ocr_line' id='line_1_11' title="bbox 230 1541 1409 1637; baseline -0.001 -23"><span class='ocrx_word' id='word_1_65' title='bbox 230 1541 374 1635; x_wconf 85' lang='lat' dir='ltr'><strong>ponam,</strong></span> <span class='ocrx_word' id='word_1_66' title='bbox 390 1549 563 1614; x_wconf 89' lang='lat' dir='ltr'><strong>nonnulla</strong></span> <span class='ocrx_word' id='word_1_67' title='bbox 578 1550 729 1636; x_wconf 83' lang='lat' dir='ltr'><strong>praefari</strong></span> <span class='ocrx_word' id='word_1_68' title='bbox 745 1550 834 1617; x_wconf 92' lang='lat' dir='ltr'><strong>mihi</strong></span> <span class='ocrx_word' id='word_1_69' title='bbox 846 1551 953 1617; x_wconf 85' lang='lat' dir='ltr'><strong>liceat</strong></span> <span class='ocrx_word' id='word_1_70' title='bbox 962 1551 1006 1616; x_wconf 90' lang='lat' dir='ltr'><strong>de</strong></span> <span class='ocrx_word' id='word_1_71' title='bbox 1018 1549 1166 1633; x_wconf 85' lang='lat' dir='ltr'><strong>ratione,</strong></span> <span class='ocrx_word' id='word_1_72' title='bbox 1182 1570 1253 1637; x_wconf 90' lang='lat' dir='ltr'><strong>qua</strong></span> <span class='ocrx_word' id='word_1_73' title='bbox 1268 1547 1409 1616; x_wconf 87' lang='lat' dir='ltr'><strong>tabulas</strong></span> 
     </span>
     <span class='ocr_line' id='line_1_12' title="bbox 229 1653 1409 1744; baseline 0.001 -25"><span class='ocrx_word' id='word_1_74' title='bbox 229 1653 476 1740; x_wconf 85' lang='lat' dir='ltr'>descripturus</span> <span class='ocrx_word' id='word_1_75' title='bbox 504 1676 595 1722; x_wconf 91' lang='lat' dir='ltr'><strong>sum.</strong></span> <span class='ocrx_word' id='word_1_76' title='bbox 648 1656 786 1724; x_wconf 88' lang='lat' dir='ltr'>Primae</span> <span class='ocrx_word' id='word_1_77' title='bbox 815 1667 1072 1744; x_wconf 83' lang='lat' dir='ltr'><strong>componentur</strong></span> <span class='ocrx_word' id='word_1_78' title='bbox 1100 1656 1252 1738; x_wconf 89' lang='lat' dir='ltr'><strong>tabulae,</strong></span> <span class='ocrx_word' id='word_1_79' title='bbox 1280 1653 1409 1742; x_wconf 90' lang='lat' dir='ltr'><strong>quibus</strong></span> 
     </span>
     <span class='ocr_line' id='line_1_13' title="bbox 233 1760 1410 1850; baseline -0.002 -22"><span class='ocrx_word' id='word_1_80' title='bbox 233 1781 340 1828; x_wconf 86' lang='lat' dir='ltr'><strong>voces</strong></span> <span class='ocrx_word' id='word_1_81' title='bbox 356 1760 540 1848; x_wconf 90' lang='lat' dir='ltr'><strong>utriusque</strong></span> <span class='ocrx_word' id='word_1_82' title='bbox 557 1762 740 1831; x_wconf 85' lang='lat' dir='ltr'><strong>Historiae</strong></span> <span class='ocrx_word' id='word_1_83' title='bbox 757 1763 818 1830; x_wconf 88' lang='lat' dir='ltr'><strong>Gr.</strong></span> <span class='ocrx_word' id='word_1_84' title='bbox 836 1764 948 1850; x_wconf 91' lang='lat' dir='ltr'><strong>partis</strong></span> <span class='ocrx_word' id='word_1_85' title='bbox 964 1763 1201 1846; x_wconf 87' lang='lat' dir='ltr'><strong>conferuntur,</strong></span> <span class='ocrx_word' id='word_1_86' title='bbox 1217 1769 1410 1849; x_wconf 89' lang='lat' dir='ltr'><strong>sequentur</strong></span> 
     </span>
     <span class='ocr_line' id='line_1_14' title="bbox 232 1865 1408 1956; baseline -0.003 -20"><span class='ocrx_word' id='word_1_87' title='bbox 232 1868 379 1936; x_wconf 88' lang='lat' dir='ltr'><strong>tabulae</strong></span> <span class='ocrx_word' id='word_1_88' title='bbox 396 1890 481 1935; x_wconf 91' lang='lat' dir='ltr'><strong>usus</strong></span> <span class='ocrx_word' id='word_1_89' title='bbox 497 1869 638 1935; x_wconf 91' lang='lat' dir='ltr'><strong>dicendi</strong></span> <span class='ocrx_word' id='word_1_90' title='bbox 654 1867 885 1955; x_wconf 84' lang='lat' dir='ltr'>Thucydidis,</span> <span class='ocrx_word' id='word_1_91' title='bbox 909 1870 1037 1956; x_wconf 91' lang='lat' dir='ltr'><strong>quibus</strong></span> <span class='ocrx_word' id='word_1_92' title='bbox 1052 1891 1140 1936; x_wconf 89' lang='lat' dir='ltr'><strong>usus</strong></span> <span class='ocrx_word' id='word_1_93' title='bbox 1155 1867 1282 1956; x_wconf 90' lang='lat' dir='ltr'><strong>prioris</strong></span> <span class='ocrx_word' id='word_1_94' title='bbox 1297 1865 1408 1954; x_wconf 85' lang='lat' dir='ltr'><strong>partis</strong></span> 
     </span>
    </p>
   </div>
   <div class='ocr_carea' id='block_1_5' title="bbox 126 1972 1408 2063">
    <p class='ocr_par' dir='ltr' id='par_1_5' title="bbox 126 1972 1408 2063">
     <span class='ocr_line' id='line_1_15' title="bbox 126 1972 1408 2063; baseline -0.002 -20"><span class='ocrx_word' id='word_1_95' title='bbox 126 2005 128 2008; x_wconf 95' lang='lat'>·</span> <span class='ocrx_word' id='word_1_96' title='bbox 234 1975 417 2045; x_wconf 89' lang='lat' dir='ltr'><strong>Historiae</strong></span> <span class='ocrx_word' id='word_1_97' title='bbox 434 1976 496 2045; x_wconf 90' lang='lat' dir='ltr'><strong>Gr.</strong></span> <span class='ocrx_word' id='word_1_98' title='bbox 512 1976 721 2062; x_wconf 89' lang='lat' dir='ltr'><strong>illustretur;</strong></span> <span class='ocrx_word' id='word_1_99' title='bbox 738 1977 890 2063; x_wconf 89' lang='lat' dir='ltr'><strong>denique</strong></span> <span class='ocrx_word' id='word_1_100' title='bbox 906 1977 1048 2044; x_wconf 89' lang='lat' dir='ltr'><strong>tabulae</strong></span> <span class='ocrx_word' id='word_1_101' title='bbox 1069 1977 1150 2062; x_wconf 87' lang='lat' dir='ltr'><strong>Cyri</strong></span> <span class='ocrx_word' id='word_1_102' title='bbox 1167 1972 1408 2042; x_wconf 88' lang='lat' dir='ltr'><strong>institutionis</strong></span> 
     </span>
    </p>
   </div>
   <div class='ocr_carea' id='block_1_6' title="bbox 227 2079 1409 2582">
    <p class='ocr_par' dir='ltr' id='par_1_6' title="bbox 227 2079 1409 2582">
     <span class='ocr_line' id='line_1_16' title="bbox 229 2079 1409 2172; baseline -0.003 -22"><span class='ocrx_word' id='word_1_103' title='bbox 229 2093 270 2150; x_wconf 85' lang='lat' dir='ltr'><strong>et</strong></span> <span class='ocrx_word' id='word_1_104' title='bbox 305 2083 564 2171; x_wconf 83' lang='lat' dir='ltr'><strong>Expeditionis,</strong></span> <span class='ocrx_word' id='word_1_105' title='bbox 599 2083 728 2172; x_wconf 89' lang='lat' dir='ltr'><strong>quibus</strong></span> <span class='ocrx_word' id='word_1_106' title='bbox 762 2106 849 2152; x_wconf 94' lang='lat' dir='ltr'><strong>usus</strong></span> <span class='ocrx_word' id='word_1_107' title='bbox 884 2083 1024 2151; x_wconf 89' lang='lat' dir='ltr'><strong>dicendi</strong></span> <span class='ocrx_word' id='word_1_108' title='bbox 1059 2082 1262 2171; x_wconf 87' lang='lat' dir='ltr'><strong>posterioris</strong></span> <span class='ocrx_word' id='word_1_109' title='bbox 1296 2079 1409 2171; x_wconf 85' lang='lat' dir='ltr'><strong>partis</strong></span> 
     </span>
     <span class='ocr_line' id='line_1_17' title="bbox 233 2186 1409 2279; baseline -0.003 -22"><span class='ocrx_word' id='word_1_110' title='bbox 233 2190 416 2258; x_wconf 85' lang='lat' dir='ltr'><strong>Historiae</strong></span> <span class='ocrx_word' id='word_1_111' title='bbox 433 2191 494 2259; x_wconf 90' lang='lat' dir='ltr'><strong>Gr.</strong></span> <span class='ocrx_word' id='word_1_112' title='bbox 517 2191 756 2259; x_wconf 81' lang='lat' dir='ltr'><strong>confirmetur.</strong></span> <span class='ocrx_word' id='word_1_113' title='bbox 802 2195 858 2258; x_wconf 92' lang='lat' dir='ltr'><strong>Ne</strong></span> <span class='ocrx_word' id='word_1_114' title='bbox 874 2213 979 2260; x_wconf 93' lang='lat' dir='ltr'><strong>voces</strong></span> <span class='ocrx_word' id='word_1_115' title='bbox 999 2191 1132 2279; x_wconf 82' lang='lat' dir='ltr'><strong>„prior“</strong></span> <span class='ocrx_word' id='word_1_116' title='bbox 1158 2198 1196 2257; x_wconf 88' lang='lat' dir='ltr'><strong>et</strong></span> <span class='ocrx_word' id='word_1_117' title='bbox 1214 2186 1409 2276; x_wconf 79' lang='lat' dir='ltr'><strong>„posterior</strong></span> 
     </span>
     <span class='ocr_line' id='line_1_18' title="bbox 231 2292 1408 2386; baseline -0.003 -23"><span class='ocrx_word' id='word_1_118' title='bbox 231 2319 314 2385; x_wconf 91' lang='lat' dir='ltr'><strong>pars</strong></span> <span class='ocrx_word' id='word_1_119' title='bbox 341 2297 524 2364; x_wconf 88' lang='lat' dir='ltr'><strong>Historiae</strong></span> <span class='ocrx_word' id='word_1_120' title='bbox 556 2297 734 2365; x_wconf 83' lang='lat' dir='ltr'><strong>Graecae“</strong></span> <span class='ocrx_word' id='word_1_121' title='bbox 771 2298 913 2386; x_wconf 91' lang='lat' dir='ltr'><strong>saepius</strong></span> <span class='ocrx_word' id='word_1_122' title='bbox 948 2297 1161 2386; x_wconf 87' lang='lat' dir='ltr'><strong>repetendae</strong></span> <span class='ocrx_word' id='word_1_123' title='bbox 1194 2295 1275 2380; x_wconf 88' lang='lat' dir='ltr'><strong>sint,</strong></span> <span class='ocrx_word' id='word_1_124' title='bbox 1308 2292 1408 2361; x_wconf 87' lang='lat' dir='ltr'><strong>illam</strong></span> 
     </span>
     <span class='ocr_line' id='line_1_19' title="bbox 227 2401 1409 2494; baseline -0.001 -25"><span class='ocrx_word' id='word_1_125' title='bbox 227 2401 468 2491; x_wconf 77' lang='lat'>(1-113‚10)</span> <span class='ocrx_word' id='word_1_126' title='bbox 495 2404 615 2472; x_wconf 88' lang='lat' dir='ltr'><strong>littera</strong></span> <span class='ocrx_word' id='word_1_127' title='bbox 643 2407 689 2489; x_wconf 81' lang='lat' dir='ltr'><strong>A,</strong></span> <span class='ocrx_word' id='word_1_128' title='bbox 723 2405 816 2472; x_wconf 91' lang='lat' dir='ltr'><strong>hanc</strong></span> <span class='ocrx_word' id='word_1_129' title='bbox 838 2406 890 2494; x_wconf 87' lang='lat'><strong>(11</strong></span> <span class='ocrx_word' id='word_1_130' title='bbox 914 2403 1079 2490; x_wconf 87' lang='lat' dir='ltr'><strong>3,ll-V</strong></span> <span class='ocrx_word' id='word_1_131' title='bbox 1094 2404 1126 2486; x_wconf 91' lang='grc'><strong>1)</strong></span> <span class='ocrx_word' id='word_1_132' title='bbox 1154 2403 1273 2470; x_wconf 91' lang='lat' dir='ltr'><strong>littera</strong></span> <span class='ocrx_word' id='word_1_133' title='bbox 1297 2404 1325 2468; x_wconf 95' lang='lat' dir='ltr'><strong>B</strong></span> <span class='ocrx_word' id='word_1_134' title='bbox 1349 2421 1409 2469; x_wconf 87' lang='lat' dir='ltr'><strong>no·</strong></span> 
     </span>
     <span class='ocr_line' id='line_1_20' title="bbox 231 2508 1408 2582; baseline 0 -7"><span class='ocrx_word' id='word_1_135' title='bbox 231 2510 323 2576; x_wconf 90' lang='lat' dir='ltr'><strong>tabo.</strong></span> <span class='ocrx_word' id='word_1_136' title='bbox 375 2509 462 2582; x_wconf 89' lang='lat' dir='ltr'><strong>Loci</strong></span> <span class='ocrx_word' id='word_1_137' title='bbox 491 2511 672 2578; x_wconf 91' lang='lat' dir='ltr'><strong>Historiae</strong></span> <span class='ocrx_word' id='word_1_138' title='bbox 701 2512 762 2579; x_wconf 90' lang='lat' dir='ltr'><strong>Gr.</strong></span> <span class='ocrx_word' id='word_1_139' title='bbox 792 2513 987 2579; x_wconf 91' lang='lat' dir='ltr'><strong>secundum</strong></span> <span class='ocrx_word' id='word_1_140' title='bbox 1016 2512 1186 2579; x_wconf 85' lang='lat' dir='ltr'><strong>maiorem</strong></span> <span class='ocrx_word' id='word_1_141' title='bbox 1214 2508 1408 2577; x_wconf 89' lang='lat' dir='ltr'><strong>editionem</strong></span> 
     </span>
    </p>
   </div>
   <div class='ocr_carea' id='block_1_7' title="bbox 227 2614 1409 3126">
    <p class='ocr_par' dir='ltr' id='par_1_7' title="bbox 227 2614 1409 3126">
     <span class='ocr_line' id='line_1_21' title="bbox 227 2614 1407 2705; baseline 0 -23"><span class='ocrx_word' id='word_1_142' title='bbox 227 2615 274 2682; x_wconf 90' lang='grc' dir='ltr'><strong>Ο.</strong></span> <span class='ocrx_word' id='word_1_143' title='bbox 299 2616 433 2683; x_wconf 87' lang='lat' dir='ltr'><strong>Kelleri</strong></span> <span class='ocrx_word' id='word_1_144' title='bbox 467 2614 713 2705; x_wconf 84' lang='lat' dir='ltr'><strong>(Lips.1880),</strong></span> <span class='ocrx_word' id='word_1_145' title='bbox 747 2618 816 2685; x_wconf 85' lang='lat' dir='ltr'><strong>loci</strong></span> <span class='ocrx_word' id='word_1_146' title='bbox 851 2617 1073 2705; x_wconf 82' lang='lat' dir='ltr'><strong>Thucydidis</strong></span> <span class='ocrx_word' id='word_1_147' title='bbox 1106 2617 1303 2685; x_wconf 91' lang='lat' dir='ltr'><strong>secundum</strong></span> <span class='ocrx_word' id='word_1_148' title='bbox 1337 2614 1407 2682; x_wconf 90' lang='lat' dir='ltr'><strong>edi-</strong></span> 
     </span>
     <span class='ocr_line' id='line_1_22' title="bbox 231 2721 1408 2812; baseline -0.001 -24"><span class='ocrx_word' id='word_1_149' title='bbox 231 2721 364 2789; x_wconf 88' lang='lat' dir='ltr'><strong>tionem</strong></span> <span class='ocrx_word' id='word_1_150' title='bbox 389 2722 426 2790; x_wconf 86' lang='lat' dir='ltr'><strong>C.</strong></span> <span class='ocrx_word' id='word_1_151' title='bbox 453 2723 566 2790; x_wconf 90' lang='lat' dir='ltr'><strong>Hudii</strong></span> <span class='ocrx_word' id='word_1_152' title='bbox 590 2724 700 2811; x_wconf 89' lang='lat' dir='ltr'><strong>(Lips.</strong></span> <span class='ocrx_word' id='word_1_153' title='bbox 717 2721 829 2812; x_wconf 88' lang='lat'>1898),</span> <span class='ocrx_word' id='word_1_154' title='bbox 852 2726 920 2792; x_wconf 92' lang='lat' dir='ltr'><strong>loci</strong></span> <span class='ocrx_word' id='word_1_155' title='bbox 937 2724 1177 2792; x_wconf 86' lang='lat' dir='ltr'><strong>institutionis</strong></span> <span class='ocrx_word' id='word_1_156' title='bbox 1201 2734 1238 2792; x_wconf 92' lang='lat' dir='ltr'><strong>et</strong></span> <span class='ocrx_word' id='word_1_157' title='bbox 1253 2722 1408 2809; x_wconf 83' lang='lat' dir='ltr'><strong>Expedi-</strong></span> 
     </span>
     <span class='ocr_line' id='line_1_23' title="bbox 230 2824 1407 2918; baseline -0.001 -24"><span class='ocrx_word' id='word_1_158' title='bbox 230 2827 337 2895; x_wconf 91' lang='lat' dir='ltr'><strong>tionis</strong></span> <span class='ocrx_word' id='word_1_159' title='bbox 372 2830 568 2896; x_wconf 89' lang='lat' dir='ltr'><strong>secundum</strong></span> <span class='ocrx_word' id='word_1_160' title='bbox 604 2830 778 2898; x_wconf 85' lang='lat' dir='ltr'><strong>editiones</strong></span> <span class='ocrx_word' id='word_1_161' title='bbox 812 2833 852 2898; x_wconf 90' lang='lat' dir='ltr'><strong>A.</strong></span> <span class='ocrx_word' id='word_1_162' title='bbox 876 2831 991 2917; x_wconf 90' lang='lat' dir='ltr'><strong>Hugii</strong></span> <span class='ocrx_word' id='word_1_163' title='bbox 1015 2831 1126 2918; x_wconf 82' lang='lat' dir='ltr'><strong>(Lips.</strong></span> <span class='ocrx_word' id='word_1_164' title='bbox 1142 2825 1231 2897; x_wconf 87' lang='lat'>1883</span> <span class='ocrx_word' id='word_1_165' title='bbox 1253 2840 1289 2896; x_wconf 91' lang='lat' dir='ltr'><strong>et</strong></span> <span class='ocrx_word' id='word_1_166' title='bbox 1304 2824 1407 2912; x_wconf 67' lang='lat'>1897)</span> 
     </span>
     <span class='ocr_line' id='line_1_24' title="bbox 231 2934 1409 3023; baseline 0.002 -23"><span class='ocrx_word' id='word_1_167' title='bbox 231 2934 452 3013; x_wconf 86' lang='lat' dir='ltr'><strong>citabuntur;</strong></span> <span class='ocrx_word' id='word_1_168' title='bbox 476 2936 511 3001; x_wconf 95' lang='lat' dir='ltr'><strong>in</strong></span> <span class='ocrx_word' id='word_1_169' title='bbox 536 2937 749 3021; x_wconf 90' lang='lat' dir='ltr'><strong>recensione,</strong></span> <span class='ocrx_word' id='word_1_170' title='bbox 772 2937 833 3004; x_wconf 95' lang='lat' dir='ltr'><strong>ubi</strong></span> <span class='ocrx_word' id='word_1_171' title='bbox 857 2937 946 3003; x_wconf 92' lang='lat' dir='ltr'><strong>nihil</strong></span> <span class='ocrx_word' id='word_1_172' title='bbox 970 2937 1100 3022; x_wconf 87' lang='lat' dir='ltr'><strong>addidi,</strong></span> <span class='ocrx_word' id='word_1_173' title='bbox 1128 2937 1289 3021; x_wconf 90' lang='lat' dir='ltr'><strong>editores,</strong></span> <span class='ocrx_word' id='word_1_174' title='bbox 1317 2955 1409 3023; x_wconf 88' lang='lat' dir='ltr'><strong>quos</strong></span> 
     </span>
     <span class='ocr_line' id='line_1_25' title="bbox 228 3039 700 3126; baseline 0.002 -15"><span class='ocrx_word' id='word_1_175' title='bbox 228 3039 421 3126; x_wconf 84' lang='lat' dir='ltr'><strong>nominavi,</strong></span> <span class='ocrx_word' id='word_1_176' title='bbox 444 3052 587 3110; x_wconf 90' lang='lat' dir='ltr'><strong>secutus</strong></span> <span class='ocrx_word' id='word_1_177' title='bbox 610 3065 700 3113; x_wconf 92' lang='lat' dir='ltr'><strong>sum.</strong></span> 
     </span>
    </p>
   </div>
   <div class='ocr_carea' id='block_1_8' title="bbox 655 3333 975 3344">
    <p class='ocr_par' dir='ltr' id='par_1_8' title="bbox 655 3333 975 3344">
     <span class='ocr_line' id='line_1_26' title="bbox 655 3333 975 3344; baseline 0.003 -3"><span class='ocrx_word' id='word_1_178' title='bbox 655 3333 975 3344; x_wconf 51' lang='grc' dir='ltr'><em>Μ...</em></span> 
     </span>
    </p>
   </div>
   <div class='ocr_carea' id='block_1_9' title="bbox 718 3565 1025 3662">
    <p class='ocr_par' dir='ltr' id='par_1_9' title="bbox 718 3565 1025 3662">
     <span class='ocr_line' id='line_1_27' title="bbox 718 3565 1025 3662; baseline 0.016 -4"><span class='ocrx_word' id='word_1_179' title='bbox 718 3579 914 3662; x_wconf 85' lang='lat' dir='ltr'><strong>Tabulae.</strong></span> <span class='ocrx_word' id='word_1_180' title='bbox 1022 3565 1025 3572; x_wconf 13' lang='grc' dir='ltr'><strong>Α</strong></span> 
     </span>
    </p>
   </div>
   <div class='ocr_carea' id='block_1_10' title="bbox 499 3751 1132 3840">
    <p class='ocr_par' dir='ltr' id='par_1_10' title="bbox 499 3751 1132 3840">
     <span class='ocr_line' id='line_1_28' title="bbox 499 3751 1132 3840; baseline 0.013 -22"><span class='ocrx_word' id='word_1_181' title='bbox 499 3755 526 3818; x_wconf 91' lang='lat'><strong>1.</strong></span> <span class='ocrx_word' id='word_1_182' title='bbox 550 3751 715 3840; x_wconf 83' lang='grc' dir='ltr'><strong><em>τρόπαιον</em></strong></span> <span class='ocrx_word' id='word_1_183' title='bbox 739 3752 873 3824; x_wconf 73' lang='grc' dir='ltr'><strong><em>ἱστάναι</em></strong></span> <span class='ocrx_word' id='word_1_184' title='bbox 898 3765 934 3824; x_wconf 85' lang='lat' dir='ltr'><strong>et</strong></span> <span class='ocrx_word' id='word_1_185' title='bbox 956 3759 1132 3826; x_wconf 73' lang='grc' dir='ltr'><strong><em>ἵστασθαι.</em></strong></span> 
     </span>
    </p>
   </div>
   <div class='ocr_carea' id='block_1_11' title="bbox 793 3937 835 4001">
    <p class='ocr_par' dir='ltr' id='par_1_11' title="bbox 793 3937 835 4001">
     <span class='ocr_line' id='line_1_29' title="bbox 793 3937 835 4001; baseline 0.024 -1"><span class='ocrx_word' id='word_1_186' title='bbox 793 3937 835 4001; x_wconf 90' lang='grc' dir='ltr'><strong>Α.</strong></span> 
     </span>
    </p>
   </div>
   <div class='ocr_carea' id='block_1_12' title="bbox 396 4054 1355 4151">
    <p class='ocr_par' dir='ltr' id='par_1_12' title="bbox 396 4054 1355 4151">
     <span class='ocr_line' id='line_1_30' title="bbox 396 4054 1355 4151; baseline 0.008 -25"><span class='ocrx_word' id='word_1_187' title='bbox 396 4054 565 4144; x_wconf 75' lang='grc' dir='ltr'><strong><em>τρόπαιον</em></strong></span> <span class='ocrx_word' id='word_1_188' title='bbox 588 4055 728 4126; x_wconf 74' lang='grc' dir='ltr'><strong><em>ἱστάναι.</em></strong></span> <span class='ocrx_word' id='word_1_189' title='bbox 995 4059 1162 4151; x_wconf 77' lang='grc' dir='ltr'><strong><em>τρόπαιον</em></strong></span> <span class='ocrx_word' id='word_1_190' title='bbox 1183 4066 1355 4134; x_wconf 74' lang='grc' dir='ltr'><strong><em>ἵστασθαι.</em></strong></span> 
     </span>
    </p>
   </div>
   <div class='ocr_carea' id='block_1_13' title="bbox 225 4185 851 4305">
    <p class='ocr_par' dir='ltr' id='par_1_13' title="bbox 225 4185 851 4305">
     <span class='ocr_line' id='line_1_31' title="bbox 225 4185 851 4305; baseline 0.01 -23"><span class='ocrx_word' id='word_1_191' title='bbox 225 4185 368 4302; x_wconf 61' lang='lat' dir='ltr'><strong>“Ta,</strong></span> <span class='ocrx_word' id='word_1_192' title='bbox 380 4213 411 4284; x_wconf 85' lang='lat'><strong>3.</strong></span> <span class='ocrx_word' id='word_1_193' title='bbox 437 4214 489 4287; x_wconf 90' lang='lat'><strong>10.</strong></span> <span class='ocrx_word' id='word_1_194' title='bbox 514 4215 730 4303; x_wconf 79' lang='lat' dir='ltr'><strong>4,23.o,14.</strong></span> <span class='ocrx_word' id='word_1_195' title='bbox 754 4217 851 4305; x_wconf 71' lang='lat' dir='ltr'><strong>uss.</strong></span> 
     </span>
    </p>
   </div>
   <div class='ocr_carea' id='block_1_14' title="bbox 1293 4333 1402 4347">
    <p class='ocr_par' dir='ltr' id='par_1_14' title="bbox 1293 4333 1402 4347">
     <span class='ocr_line' id='line_1_32' title="bbox 1293 4333 1402 4347; baseline 0 0"><span class='ocrx_word' id='word_1_196' title='bbox 1293 4333 1402 4347; x_wconf 53' lang='lat' dir='ltr'><strong>n—-Q</strong></span> 
     </span>
    </p>
   </div>
   <div class='ocr_carea' id='block_1_15' title="bbox 0 0 1754 5052">
    <p class='ocr_par' dir='ltr' id='par_1_15' title="bbox 0 0 1754 5052">
     <span class='ocr_line' id='line_1_33' title="bbox 0 0 1754 5052; baseline 0 4"><span class='ocrx_word' id='word_1_197' title='bbox 0 0 1754 5052; x_wconf 95' lang='lat' dir='ltr'><strong> </strong></span> 
     </span>
    </p>
   </div>
  </div>
 </body>
</html>
