3500 5052
653 1201 784 1306 Caput
811 1205 940 1306 prius.

314 1375 529 1446 Ann01827
555 1383 590 1446 B.
614 1381 659 1448 G.
683 1381 902 1448 Niebuhrius
926 1383 1225 1451 commentatione
1235 1387 1267 1468 ¹),
1290 1407 1381 1472 quae

204 1486 408 1554 inscribitur
434 1471 552 1572 „siber
567 1487 787 1574 Xenophons
804 1488 1020 1574 Hellenica“,
1044 1491 1229 1558 ostendere
1244 1492 1382 1560 studuit

205 1594 306 1660 illum
334 1593 473 1677 librum,
502 1595 643 1680 qualem
674 1616 769 1661 nunc
797 1594 980 1680 habemus,
1004 1619 1048 1662 ex
1076 1597 1215 1664 duobus
1239 1620 1380 1685 prorsus

206 1700 357 1766 diversis
380 1700 545 1787 operibus
562 1709 731 1778 constare,
756 1723 848 1788 quae
870 1723 941 1767 non
959 1703 1138 1790 scriptoris
1154 1704 1299 1790 ratione,
1320 1705 1382 1772 sed

206 1827 303 1872 mero
327 1828 410 1872 casu
441 1806 478 1872 in
502 1828 613 1872 unum
639 1807 827 1873 coniuncta
851 1817 976 1874 essent.
1023 1810 1148 1893 Quam¹
1163 1832 1237 1876 rem
1262 1820 1303 1878 ut
1325 1812 1383 1878 de-

205 1923 425 1996 monstraret,
458 1913 529 1979 duo
558 1935 690 1999 genera
714 1922 1003 1999 argumentorum
1032 1916 1161 2001 attulit,
1185 1939 1276 2004 quae
1300 1939 1380 1984 cum

206 2019 250 2083 ad
267 2019 420 2105 speciem
438 2019 658 2104 exteriorem,
682 2028 758 2086 tum
775 2021 820 2085 ad
836 2019 998 2088 intimam
1015 2031 1180 2090 naturam
1198 2024 1380 2091 Historiae

206 2125 364 2192 Graecae
387 2125 573 2212 pertinent
612 2126 672 2194 Sic
695 2127 850 2194 ostendit
864 2127 1137 2215 Xenophontem
1153 2129 1189 2195 in
1207 2130 1381 2216 prioribus

204 2231 342 2299 duobus
365 2231 465 2300 libris
489 2254 586 2299 more
608 2228 841 2318 Thucydideo
858 2255 977 2319 annos,
1001 2235 1130 2322 quibus
1146 2237 1310 2322 singulae
1325 2258 1380 2304 res

209 2347 332 2424 gestae
346 2349 473 2424 essent,
485 2340 720 2425 denotavisse,
738 2339 823 2427 quin
837 2341 954 2426 etiam,
966 2350 1007 2408 ut
1017 2343 1124 2409 ferret
1135 2343 1225 2409 ratio
1241 2341 1382 2434 Thucy·

207 2445 308 2531 didis,
331 2445 367 2511 in
384 2446 602 2533 temporibus
615 2447 826 2514 definiendis
843 2448 955 2514 adres
971 2447 1273 2536 Syracusanorum
1286 2472 1382 2537 spec·

207 2553 347 2637 tavisse,
375 2552 411 2619 id
435 2554 529 2640 quod
559 2553 641 2619 inde
665 2576 686 2619 a
708 2553 798 2620 libro
825 2554 926 2621 tertio
950 2555 1115 2622 uoniam
1139 2577 1207 2623 usu
1232 2558 1380 2626 veniret.

206 2659 344 2727 Deinde
378 2659 535 2727 ostendit
568 2661 685 2727 locum
715 2660 897 2727 Historiae
927 2661 1086 2728 Graecae
1111 2665 1161 2730 VI
1188 2665 1218 2747 4,
1234 2660 1287 2748 37,
1319 2663 1379 2731 ubi

204 2767 406 2854 Xenophon
430 2768 474 2834 de
499 2767 691 2834 Pherarum
716 2768 875 2852 tyrannis
898 2768 1064 2854 loquitur,
1092 2779 1175 2836 ante
1200 2770 1380 2857 Olympia·

205 2874 285 2941 dem
310 2874 538 2941 centesimam
562 2884 699 2941 sextam
724 2874 828 2940 scribi
852 2895 922 2942 non
948 2874 1116 2961 potuisse,
1148 2875 1205 2942 cui
1229 2876 1380 2962 tempori

208 2980 307 3047 locus
331 2978 474 3065 114,43
498 2981 664 3047 acerrime
688 2991 914 3068 repugnaret,
938 2982 1032 3068 quod
1048 2982 1250 3070 Xenophon
1267 2983 1380 3050 neuti-

206 3107 312 3172 quam
341 3087 403 3152 illo
427 3096 585 3172 tempore
608 3087 716 3153 verba
740 3085 791 3154 ἔτι
814 3087 871 3154 καὶ
895 3093 949 3154 νῦν
973 3079 1056 3173 ὁμοῦ
1079 3087 1379 3158 renotationem

203 3192 259 3260 καὶ
281 3195 353 3272 τοῖς
376 3184 484 3282 ὅρκοις
506 3192 637 3278 ἐμμένει
661 3183 678 3261 ὁ
700 3195 805 3284 δῆμος
829 3194 980 3260 scribere
996 3195 1179 3281 potuisset
1204 3197 1379 3263 Gravissi-

202 3321 301 3366 mum
336 3309 456 3367 autem
488 3311 751 3387 argumentum,
783 3323 854 3389 quo
887 3301 1069 3369 Historiae
1098 3303 1255 3382 Graecae
1289 3304 1378 3371 duos

203 3406 337 3493 priores
366 3406 474 3474 libros
504 3408 686 3495 proprium
715 3430 805 3495 opus
832 3407 1084 3496 diversumque
1112 3431 1189 3476 esse
1217 3410 1262 3476 ab
1288 3411 1378 3477 inse·

203 3513 395 3600 quentibus
419 3513 518 3581 libris
534 3515 751 3599 ostendatur,
775 3537 819 3581 ex
840 3537 881 3582 eo
898 3515 1015 3594 sumit,
1039 3517 1133 3603 quod
1151 3516 1185 3582 in
1204 3517 1378 3604 prioribus

201 3619 298 3686 libris
323 3631 493 3707 appareat
508 3622 785 3708 Xenophontem
809 3643 922 3710 aequo
939 3632 975 3689 et
990 3622 1085 3689 iusto
1101 3623 1220 3689 animo
1236 3624 1280 3689 de
1296 3623 1379 3690 civi·

200 3726 267 3792 bns
290 3727 364 3794 suis
379 3727 538 3793 iudicare
553 3779 560 3794 .
578 3779 586 3796 .
602 3728 821 3814 .„hingegen
834 3730 868 3795 in
884 3729 950 3796 den
964 3731 1043 3795 fiius
1053 3731 1182 3796 letzten
1196 3731 1377 3815 begegnet

201 3832 441 3900 allentbalben
472 3833 528 3900 die
561 3835 873 3921 hassenswiirdige
900 3835 1024 3902 Tdcke
1059 3837 1120 3902 des
1155 3839 1366 3922 Renegaten

199 3940 262 4006 der
284 3940 322 4006 in
345 3940 460 4007 seiner
483 3941 703 4027 iirgerlichen
727 3944 997 4028 Vergdtterung
1018 3943 1080 4008 des
1103 3943 1373 4030 spartanischen

200 4047 498 4115 Mumienwesens
522 4059 667 4135 ergraut
694 4049 766 4116 und
791 4049 907 4115 seiner
931 4051 1162 4117 Mutterstadt
1184 4073 1251 4118 nur
1275 4052 1370 4117 dann

199 4155 299 4223 nieht
321 4153 511 4242 ieindselig
532 4155 589 4240 ist,
613 4178 717 4223 wenn
741 4156 792 4222 sie
815 4155 891 4222 sich
915 4157 971 4223 iiir
993 4157 1122 4244 Sparta
1137 4157 1283 4244 hingibt
1302 4159 1376 4226 ...“

309 4315 334 4402 ¹)
356 4321 390 4380 In
406 4322 484 4380 Mus.
499 4321 595 4382 Rben.
616 4341 643 4381 a.
663 4320 756 4383 1827.
780 4323 848 4380 Vol.
863 4322 878 4379 1
894 4321 967 4382 fasc.
982 4321 1024 4380 111
1040 4343 1069 4400 p.
1085 4321 1147 4384 196
1160 4341 1226 4400 sqq.
1243 4323 1373 4400 repetita

199 4409 229 4467 in
252 4408 409 4469 Niebuhrii
433 4429 537 4486 opusc.
558 4412 624 4470 hist.
652 4418 684 4469 et
706 4411 779 4487 phil.
801 4411 868 4470 T.1
890 4407 1028 4496 (Bonnae
1056 4411 1151 4492 1828)
1174 4433 1204 4490 p.
1220 4409 1284 4473 464
1309 4429 1375 4488 sqq.
