3500 5052
847 395 1068 464 -72-

368 621 620 697 argumentum
647 611 699 678 rei
722 621 865 680 nostrae
888 611 1153 680 confirmandae
1174 614 1212 680 in
1236 635 1278 681 eo
1301 609 1458 702 positum
1483 626 1547 701 est,

369 718 464 805 quod
489 719 637 785 verbum
661 725 844 803 παρεγγυᾶν
867 727 902 786 et
925 718 962 784 in
981 721 1008 786 B
1032 728 1069 786 et
1084 719 1121 786 in
1139 720 1370 789 Institutione
1385 725 1547 806 occurrit,

368 825 405 890 in
430 827 461 890 A
486 846 556 892 non
581 825 677 893 item.

475 933 698 1000 Vocabulum
733 937 1007 1019 πρωτοστάτης
1042 932 1112 1022 (ΙΙΙ
1142 931 1176 1018 3,
1194 931 1245 1002 41.
1274 933 1317 1001 57
1352 937 1410 1024 al.)
1444 938 1481 1003 in
1518 941 1545 1004 B

367 1062 509 1127 qnoque
524 1039 715 1124 invenitur,
739 1061 819 1107 cum
836 1039 874 1106 in
890 1043 921 1106 A
937 1062 1010 1107 non
1027 1049 1151 1125 exstet,
1175 1042 1327 1109 cundem
1344 1043 1381 1109 in
1398 1044 1543 1112 modum

367 1148 475 1214 verba
508 1151 767 1233 σωφρονίζειν
802 1150 903 1227 (VIII
932 1145 1033 1234 6,16)
1055 1148 1078 1216 i.
1096 1170 1126 1214 e.
1157 1149 1362 1236 ,castigata
1398 1151 1542 1238 punire“

366 1268 402 1323 et
426 1259 662 1339 εὐτρεπίζειν
685 1257 751 1341 (VI
772 1249 802 1337 9,
815 1251 872 1341 41)
901 1254 969 1322 ie.
998 1254 1064 1321 sibi
1089 1276 1302 1342 comparare.
1349 1259 1404 1324 De
1428 1259 1548 1326 verbis

367 1366 626 1447 ἀποδεκτῆρες
647 1363 749 1444 (VIII
768 1360 796 1444 1,
808 1358 844 1447 9)
865 1369 901 1427 et
917 1363 1073 1446 ὀοτῆρες
1089 1365 1191 1445 (VIII
1207 1360 1237 1447 1,
1250 1360 1283 1450 9)
1307 1364 1474 1432 lectorem
1500 1368 1544 1432 ad

367 1494 409 1536 ea
444 1469 579 1554 delego
616 1489 707 1554 quae
740 1467 831 1534 inira
859 1467 902 1534 ad
936 1469 1149 1535 vocabulum
1185 1472 1349 1556 ἁρμοστήρ
1375 1471 1544 1539 adnotavi

366 1587 411 1663 tp·
429 1573 472 1642 78
495 1578 568 1664 sq).

477 1687 552 1750 Nec
588 1707 659 1750 non
692 1706 736 1749 ex
768 1683 849 1767 Cyri
885 1683 1122 1770 Expeditione
1157 1685 1404 1771 perspeximus
1441 1709 1544 1753 usum

367 1791 507 1858 dicendi
523 1791 619 1857 illius
636 1789 716 1857 libri
732 1788 913 1877 partisque
929 1789 957 1853 B
974 1811 1096 1876 parem
1114 1813 1206 1859 esse:
1224 1791 1381 1878 exceptis
1398 1793 1547 1860 vocibus

367 1901 570 1970 ἀντίπαλος
606 1907 641 1964 et
676 1897 823 1982 φρουρὰν
857 1899 978 1980 φαίνειν
1005 1897 1144 1964 nullum
1176 1897 1323 1966 verbum
1348 1909 1410 1982 est,
1446 1901 1544 1967 nulla

365 2005 511 2087 locutio,
559 2005 644 2090 quin
680 2003 822 2091 utrique
858 2003 990 2090 scripto
1025 2004 1222 2071 communis
1258 2005 1314 2072 sit.
1385 2007 1543 2074 Verbum

366 2115 552 2179 ἐκκλίνειν
576 2115 604 2193 (Ι
628 2109 728 2194 8,19)
751 2133 823 2177 non
839 2110 945 2197 plane
968 2109 1061 2176 idem
1089 2111 1254 2199 estquod
1271 2115 1426 2196 ἐγκλίνειν,
1450 2116 1544 2201 quod

367 2244 473 2308 saepe
496 2220 532 2286 in
560 2223 586 2286 B
611 2219 685 2305 legi
709 2218 873 2300 vidimus,
908 2217 969 2284 sed
998 2217 1093 2285 illius
1117 2219 1338 2286 simillimum
1362 2230 1398 2287 et
1421 2223 1544 2288 eadem

366 2332 438 2396 iere
462 2328 600 2394 ratione
625 2334 815 2412 usurpatur
851 2346 920 2411 qua
955 2325 1053 2394 illud.
1100 2329 1216 2394 Voces
1243 2338 1546 2414 πεντηκοντῆρες

367 2438 436 2523 (ΙΙΙ
460 2432 570 2521 4,21),
608 2436 818 2518 πεντηκοστῦς
845 2433 916 2520 (ΙΙΙ
941 2429 1049 2519 4,22),
1085 2436 1309 2520 ἐνωμόταρχος
1344 2434 1412 2524 (ΙΙΙ
1436 2433 1545 2524 4,21),

367 2544 523 2627 ἐνωμοτία
540 2543 608 2624 (III
632 2538 662 2623 4,
674 2536 732 2626 22)
748 2539 895 2606 Doricas
912 2561 988 2607 esse
1006 2549 1154 2608 constat.
1196 2543 1250 2607 De
1266 2541 1365 2608 exitu
1382 2544 1545 2610 vocabuli

366 2652 587 2736 πεντηκοντήρ,
611 2646 704 2734 quod
728 2646 823 2714 idem
848 2657 902 2714 est
925 2648 1019 2734 quod
1042 2652 1255 2733 πεντηκοστῆς
1278 2650 1299 2716 i.
1322 2671 1352 2718 e.
1376 2649 1449 2717 dux
1472 2677 1545 2716 πεν-

366 2760 547 2843 τηκοστύος,
584 2756 751 2822 lectorem
786 2755 915 2841 delego
951 2755 995 2821 ad
1031 2777 1081 2838 ea,
1118 2776 1210 2843 quae
1232 2755 1324 2822 infra
1353 2757 1397 2822 ad
1422 2779 1546 2824 vocem

367 2867 532 2948 ἁρμοστήρ
556 2862 649 2930 dicta
673 2872 757 2928 sunt
781 2869 824 2949 (p.
840 2859 883 2927 78
899 2866 973 2949 sq).
1022 2863 1127 2946 Quod
1148 2862 1278 2930 attinet
1294 2884 1398 2930 usum
1416 2885 1544 2932 vocum

368 2972 507 3038 illarum
528 2969 744 3051 Doricarurn,
769 2969 927 3035 conferas
949 2990 1090 3056 quaeso,
1116 2991 1360 3057 quaecumque
1377 2991 1484 3058 supra
1500 2973 1544 3037 nd

366 3101 472 3147 voces
507 3085 688 3163 παρεγγυᾶν
721 3087 756 3143 ct
786 3078 935 3162 φρουρὰν
957 3079 1078 3160 φαίνειν
1101 3076 1258 3143 disserui.
1295 3077 1444 3160 ,Ultimo
1467 3079 1549 3145 loco

366 3187 410 3253 de
434 3186 582 3254 vocibus
604 3168 821 3269 'nstramus
856 3195 892 3249 et
924 3188 1067 3269 γυμνῆς
1091 3186 1184 3267 (πελτ.
1209 3182 1423 3270 saepissime,
1455 3211 1545 3270 γυμν.

369 3291 439 3377 12,
453 3291 482 3359 3.
522 3295 575 3358 ΙΙΙ
602 3288 696 3374 4,26.
738 3294 790 3358 IV
812 3288 876 3375 1,6
900 3291 964 3358 bis.
998 3287 1061 3364 27„
1086 3287 1183 3372 6,17.
1219 3287 1263 3356 20
1286 3290 1348 3358 bis.
1384 3294 1417 3360 V
1445 3290 1547 3374 212.

366 3403 421 3492 ,VI
446 3398 476 3483 3,
488 3397 546 3486 15)
570 3399 743 3465 nonnulla
766 3397 904 3464 addam.
949 3399 1131 3483 Πελταστής
1154 3407 1190 3464 et
1214 3402 1334 3482 γυμνής
1357 3399 1394 3464 in
1411 3419 1478 3465 usu
1495 3401 1546 3464 di·

368 3506 470 3574 cendi
487 3505 668 3574 notionem
683 3503 802 3589 „miles
818 3504 907 3572 levis
927 3508 1146 3572 armaturae“
1161 3505 1291 3592 adepta
1306 3514 1400 3588 sunt,
1424 3527 1545 3592 quam-

367 3636 472 3702 quam
509 3635 571 3703 per
605 3635 643 3680 se
678 3612 836 3680 diversas
872 3612 1034 3680 notiones
1064 3611 1205 3679 habent.
1253 3614 1347 3679 Nam
1376 3615 1547 3696 πελταστής

367 3722 468 3790 miles
504 3732 569 3806 est,
605 3721 664 3810 qui
700 3723 793 3806 πέλτῃ
829 3729 1022 3787 exornatus
1057 3720 1094 3786 in
1130 3719 1262 3786 bellum
1299 3718 1543 3806 proficiscitur,

367 3834 487 3916 γομνής
522 3830 610 3898 nihil
646 3829 741 3896 aliud
777 3829 874 3896 valet
909 3828 977 3894 nisi
1011 3827 1131 3910 „miles
1160 3835 1361 3894 armaturae
1392 3831 1548 3914 expers“,

368 3937 548 4024 significat
583 3937 694 4024 igitur
735 3936 828 4003 idem
865 3938 936 4003 iere
973 3936 1064 4022 quod
1101 3938 1199 4019 ψιλός.
1259 3937 1397 4001 Vocum
1434 3933 1545 4020 igitur

368 4045 508 4112 illarum
555 4047 665 4112 altera
715 4045 814 4111 alteri
866 4043 1019 4110 militum
1063 4042 1184 4130 generi
1227 4029 1453 4110 attribuenda
1497 4041 1552 4108 vi·-

356 4135 480 4221 ¹detur¹
527 4152 597 4222 Sed
614 4152 892 4239 Xenophontem
918 4159 1106 4238 utramque
1130 4150 1320 4217 admodum
1345 4147 1546 4236 promiscue

368 4283 539 4350 usurpare
556 4284 601 4328 ex
616 4261 684 4328 hoc
700 4259 950 4346 Expeditionis
966 4260 1043 4324 loco
1059 4267 1206 4347 apparet
1224 4259 1274 4323 VI
1287 4253 1366 4341 3,14
1379 4253 1445 4339 (17)
1457 4277 1545 4342 sqq:

367 4371 429 4441 ἕως
453 4371 525 4432 δ’ἃν
548 4370 773 4452 πορευώμεθα,
801 4368 960 4450 Τιμασίων
983 4354 1070 4448 ’έχων
1092 4366 1164 4435 τοὺς
1187 4367 1300 4436 ἱππέας
1323 4365 1551 4446 προελαυνέτω·
