3500 5052
690 433 910 503 „53-

321 647 550 736 στρατόπεδον
561 649 586 736 ¹)
611 649 705 736 apud
730 649 1007 738 Xenophontem
1033 659 1069 716 et
1092 659 1206 718 castro
1238 663 1273 718 et
1297 675 1390 719 exer-

212 755 320 821 citum
348 754 539 841 significat.
574 754 656 824 Vim
682 756 789 823 huius
813 755 977 824 vocabuli
1001 756 1213 843 procedente
1234 767 1392 846 tempore

211 862 358 932 omnino
392 871 565 929 mutatam
602 884 677 929 esse
713 865 854 930 tabulae
894 864 1107 931 ostendunt:
1154 863 1189 929 in
1227 867 1258 931 A
1293 865 1391 933 notio

216 968 392 1035 exercitus
420 969 610 1056 praevalet,
645 969 681 1034 in
717 969 971 1056 posterioribus
1000 970 1249 1057 Xenophontis
1283 971 1391 1055 libris,

216 1097 303 1162 quos
333 1096 589 1162 comparamus,
618 1075 709 1143 sicut
744 1076 780 1141 in
802 1060 834 1141 'B
858 1076 945 1163 (uno
981 1078 1058 1143 loco
1093 1079 1257 1164 excepto)
1291 1078 1390 1146 notio

212 1182 387 1248 exercitus
418 1181 563 1248 omnino
588 1204 657 1248 non
683 1183 874 1250 invenitur.
921 1183 989 1251 Sed
1016 1206 1059 1249 ne
1084 1205 1155 1250 uno
1172 1183 1313 1270 quidem
1330 1183 1390 1250 illo

212 1291 289 1356 loco
314 1289 412 1356 notio
437 1288 612 1355 exercitus
636 1312 732 1357 mera
756 1289 993 1377 intellegitur:
1023 1313 1104 1357 nam
1133 1290 1225 1358 Hist.
1251 1291 1314 1358 Gr.
1339 1295 1389 1358 ll'

211 1393 241 1479 4,
267 1393 307 1461 13
331 1395 502 1481 legimus:
526 1395 602 1463 ἐπεὶ
627 1398 663 1464 δὲ
686 1387 935 1490 ἡθροίσθησαν,
959 1386 1044 1488 ἐ’γνιυ
1067 1396 1234 1487 Πραξίτας
1254 1404 1389 1489 πρῶτον

210 1505 271 1589 μὲν
310 1508 376 1569 τῶν
408 1510 528 1588 τειχῶν
556 1507 714 1572 καθελεῖν
746 1498 833 1574 ὥστε
868 1503 980 1573 δίοδον
1019 1505 1239 1595 στρατοπίδῳ
1276 1503 1391 1596 ἱκανὴν

211 1613 291 1677 εἶναι
420 1609 595 1696 Equidem
632 1632 702 1676 non
738 1611 871 1694 dubito,
907 1612 991 1698 quin
1028 1612 1095 1678 hoc
1130 1613 1208 1678 loco
1242 1613 1391 1700 scriptor

212 1714 440 1803 στρατόπεδον
472 1737 542 1783 uon
572 1717 687 1782 solum
717 1717 910 1784 exercitum
941 1725 961 1784 i.
987 1740 1015 1784 e.
1041 1718 1180 1794 milites,
1210 1720 1270 1784 sed
1295 1741 1390 1785 exer-

212 1822 321 1890 citum
340 1845 420 1890 cum
438 1823 603 1890 omnibus
620 1823 882 1910 impedimentis
898 1824 1122 1891 intellexerit.
1145 1864 1186 1874 -
1213 1823 1390 1909 Thucydi-

213 1931 267 1996 dis
296 1930 448 2016 denique
478 1952 563 1996 usus
592 1931 725 2018 optime
750 1952 854 1997 usum
879 1931 990 2018 partis
1014 1933 1045 1996 A
1070 1930 1269 1998 confirmat:
1306 1954 1386 1998 nam

214 2037 307 2122 apud
333 2038 433 2103 illum
460 2037 558 2104 notio
583 2038 757 2105 exercitus
781 2039 889 2124 longe
913 2039 1103 2125 praevalet.

572 2236 667 2300 XIV.
695 2235 811 2300 Verba
837 2234 1034 2301 comitatus.

782 2363 820 2426 A.

216 2505 295 2552 cum
313 2487 504 2573 praeposit.
669 2508 747 2552 cum
774 2486 907 2553 dativo
1076 2507 1155 2551 cnm
1180 2487 1375 2606 participio

633 2598 919 2606 ...a—mm..
939 2600 943 2603 -
962 2598 1032 2604 ..η-ω
1040 2597 1182 2604 ...ο-ι..-
1193 2598 1278 2605 -.ῳ-..η

212 2665 270 2749 ἧκε
304 2668 361 2732 σὺν
395 2669 479 2751 τριή-
508 2668 636 2731 εἰσέπλει
660 2668 698 2730 ιδ
728 2669 836 2731 ναυσίν
928 2669 944 2729 Ι
971 2661 1041 2748 1,.2
1071 2665 1168 2749 ἦλθεν
1180 2669 1263 2750 ἔχων

256 2796 322 2859 ρεστ
346 2769 478 2855 11,11.
508 2775 702 2856 ἀνηγάγοντο
724 2774 753 2836 κ’
777 2776 886 2837 ναυσίν
927 2775 942 2836 1
970 2768 1042 2854 1,.2
1115 2781 1192 2845 ναῦς
1276 2778 1291 2839 I
1319 2777 1346 2857 1,
1360 2775 1386 2840 1.

211 2881 268 2945 σὺν
305 2877 332 2945 λ’
371 2881 480 2946 ναυσὶν
507 2880 662 2945 ἐπεισπλεῖ
680 2876 721 2963 ιη’
745 2881 854 2944 ναυσίν
927 2879 942 2942 I
968 2877 997 2961 1,
1010 2873 1041 2942 5.
1070 2885 1148 2949 ναῦς
1158 2882 1282 2964 ᾤχοντο
1295 2885 1387 2965 ἄγαν-

256 2992 357 3074 ᾥγετο
381 2983 479 3070 Ι4,9.
506 2965 591 3052 πλεῖν
613 2988 722 3052 ναυσὶν
746 2983 773 3060 ξ’
907 2980 1041 3067 11,11.
1114 3011 1161 3057 τες
1253 2992 1268 3052 Ι
1296 2986 1387 3073 1,18.

212 3097 479 3181 σὺνστρατιᾷνιατ-
507 3094 662 3159 ἐπεισπλεῖ
681 3094 709 3157 κ’
733 3096 842 3172 ναυσίν
906 3095 922 3157 1
948 3088 1039 3175 1,12.
1069 3090 1145 3175 ἧκεν
1164 3097 1248 3177 ἔχων
1263 3097 1392 3180 Χερρο-

257 3205 385 3270 έπλευσε
505 3208 571 3272 ταῖς
593 3202 622 3264 κ’
645 3202 851 3284 περιπλεύσας
903 3203 918 3265 1
944 3196 1039 3284 1,18.
1113 3203 1270 3284 νησὶταςΙ
1294 3198 1388 3282 3,10.

344 3312 360 3376 I
384 3305 479 3390 4,10.
507 3309 659 3374 ἔπλευσαν
674 3309 877 3394 στρατοπέδῳ
942 3305 1039 3392 13,1.
1068 3307 1220 3393 λαβὼν..
1237 3311 1265 3374 κ’

212 3420 268 3483 σὺν
292 3421 400 3483 ναυσὶν
492 3417 712 3508 γκατέπλευσεν
725 3469 744 3480 ..
757 3418 866 3482 ναυσὶν
878 3420 907 3482 κ’
925 3413 1039 3500 14,11.
1114 3419 1240 3483 ἔπλευσε
1281 3415 1387 3499 14,8.

257 3526 401 3590 ἔπλευσεν
508 3525 633 3607 ἀνήχθη
656 3532 722 3595 ταῖς
744 3527 853 3589 ναυσίν
907 3521 977 3607 15,
991 3522 1041 3591 15.
1069 3529 1152 3608 ἔχων
1206 3529 1291 3608 ἥκειν
1336 3530 1388 3588 τά-

346 3627 414 3711 15,
429 3625 471 3692 18
506 3632 631 3700 ταύταις
646 3632 882 3712 ἀναγαγόμενος
902 3632 919 3693 1
943 3627 973 3711 ὃ,
986 3624 1039 3694 20.
1112 3632 1207 3696 λαντα
1275 3628 1345 3712 15,
1358 3627 1387 3694 3.

213 3734 368 3814 προσπλεῖ
380 3735 436 3798 σὺν
453 3735 478 3797 α’
508 3735 620 3814 ἔφευγε
642 3741 707 3804 ταῖς
729 3737 837 3798 ναυσίν
902 3737 917 3795 1
943 3729 1039 3814 6,16.
1068 3738 1247 3819 συμπαρῄει
1292 3738 1389 3809 πεζὸν

258 3839 396 3904 νανσίΙΙ
413 3836 443 3921 2,
450 3835 479 3903 7.
493 3844 572 3940 ,ταῖς
596 3842 644 3920 ρκ’
670 3841 817 3921 ἀναχθείς
905 3834 1055 3940 16,26.,
1113 3841 1196 3920 ἔχων
1231 3840 1265 3902 Il
1291 3837 1321 3920 1,
1334 3837 1388 3908 28.

315 3984 409 3993 ...ι-ι...-
412 3987 422 3992 ..-

219 4103 222 4111 ,
325 4039 346 4118 ¹)
371 4041 404 4098 ln
421 4039 605 4117 Cynegetico
623 4040 748 4098 locum
741 4041 850 4110 inveni,
871 4040 923 4116 qui
940 4057 986 4108 ea,
1003 4057 1082 4117 quae
1099 4040 1144 4096 liis
1160 4040 1271 4097 tabulis
1287 4048 1387 4098 osten-

214 4133 337 4200 duntur,
372 4132 486 4207 optime
521 4128 614 4188 fulcit.
674 4129 751 4186 Nam
779 4128 859 4200 12,4
888 4129 1029 4206 legimns:
1057 4115 1324 4232 δυστυχήσαντος
1351 4126 1387 4194 ds

216 4212 337 4283 οἶκειον
360 4214 610 4302 στρατοπέδου.
628 4205 719 4281 mini
738 4238 773 4280 τε
790 4209 924 4282 ἐσσιται
946 4213 1002 4281 καὶ
1025 4203 1120 4281 αυτοὶ
1143 4212 1387 4299 αῳζεαθαι..

216 4311 283 4368 Non
307 4311 432 4366 dubium
457 4319 512 4377 est
536 4311 607 4384 quin
634 4311 691 4367 hoc
720 4312 787 4368 loco
810 4301 1038 4390 στρατόπεδον
1062 4309 1218 4367 notionem
1239 4308 1388 4367 exercitus

213 4401 336 4455 habeat.
