3500 5052
763 427 984 496 ..73-

243 649 373 730 ἕφορῶν
398 650 480 729 ἡμᾶς
503 647 555 709 καὶ
587 649 742 710 σκοπείτω
766 647 801 709 εά
823 633 1017 729 ἔμπροσθεν,
1048 645 1093 718 ὡς
1108 648 1208 729 μηδὲν
1224 649 1308 730 ἡμᾶς
1323 649 1417 732 λάθῃ.

240 753 338 818 ’Ταῦτ’
361 754 459 817 εἰπὼν
474 755 591 834 ’ἠγεῖτο
638 755 826 836 παρέπεμψε
843 752 877 816 δὲ
892 753 947 816 καὶ
960 757 1024 816 τῶν
1041 755 1208 836 γυμνήτων
1223 754 1419 836 ἀνθρώπους

240 862 402 934 εὐζώνους
437 862 477 930 εἷς
508 860 544 922 τὰ
568 860 683 940 πλάγια
707 860 759 923 καὶ
782 861 824 929 εἰς
847 858 883 922 τὰ
907 860 1000 943 ἄκρα,
1025 861 1114 930 ὅπως
1136 863 1168 923 εἴ
1183 856 1245 925 που
1268 862 1297 922 τί
1316 863 1418 924 ποθεν

243 969 421 1054 καθορῷεν,
447 968 635 1050 σημαίνοιεν.
670 967 803 1038 ,ἐκέλευε
827 967 862 1028 δὲ
885 969 971 1030 κάειν
987 969 1108 1030 ἅπαντα
1124 968 1189 1050 ὅτῳ
1205 970 1418 1050 ἑνιυγχάνοιεν

242 1077 399 1156 καυσίμῳ.
448 1077 477 1136 οἱ
501 1074 535 1136 δὲ
564 1075 666 1142 ἱππεῖς
689 1073 892 1154 σπειρόμενοι
917 1074 968 1154 ἐφ’
993 1074 1071 1138 ὅσον
1091 1074 1198 1144 καλῶς
1215 1075 1295 1156 εἶχεν
1311 1071 1416 1146 ἔκαον,

242 1183 295 1246 καὶ
324 1184 354 1245 ol
384 1183 548 1246 πελτασταὶ
585 1181 796 1264 ἐπιπαριόντες
819 1180 899 1243 κατὰ
922 1181 959 1242 τὰ
983 1182 1067 1264 ἄκρα
1091 1167 1189 1244 ἔκαον
1212 1183 1313 1245 πάντα
1345 1234 1352 1246 .
1378 1229 1384 1242 .
1410 1230 1417 1242 .

243 1291 340 1360 Luce
366 1287 493 1352 clarius
529 1310 573 1352 ex
609 1285 674 1351 hoc
703 1285 780 1351 loco
805 1296 950 1372 apparet
974 1287 1246 1373 Xenophontem
1274 1288 1414 1354 eosdem

242 1395 414 1477 homines,
432 1393 560 1480 quibus
577 1414 682 1480 supra
701 1415 827 1459 nomen
847 1402 999 1478 γυμνῆτες
1016 1395 1187 1476 attribuit,
1212 1396 1288 1462 loco
1310 1396 1417 1482 paulo

242 1502 407 1568 inferiore
442 1503 606 1568 πελτασταὶ
646 1501 831 1587 appellare.
889 1501 1052 1568 Vidimus
1087 1503 1122 1567 in
1160 1505 1189 1565 A
1226 1503 1313 1568 nihil
1349 1504 1415 1571 nisi

242 1613 409 1677 πελτασταί
430 1609 511 1694 legi,
548 1630 627 1673 cum
652 1608 687 1671 in
715 1610 741 1672 B
766 1618 945 1692 praeterea
970 1609 1117 1674 verbum
1142 1619 1295 1693 γυμνῆτες
1320 1635 1418 1677 usur-

242 1728 354 1804 petur,
389 1715 489 1781 cuius
525 1714 635 1800 partis
672 1735 756 1778 usus
782 1736 941 1778 sermone
967 1724 1001 1781 et
1032 1715 1270 1780 Institutionis
1295 1719 1418 1787 etEx-

242 1823 432 1911 peditionis
458 1821 695 1888 confirmatur.
735 1819 798 1886 Cui
823 1819 872 1886 rei
891 1820 919 1885 si
945 1821 979 1885 id
1005 1821 1253 1907 addiderimus
1278 1824 1313 1888 iu
1341 1835 1416 1892 toto

242 1929 462 2013 Thucydidis
487 1951 591 2014 opere
616 1951 659 1992 ne
685 1950 754 1992 uno
772 1927 912 2014 quidem
939 1927 1015 1994 loco
1032 1930 1245 1996 vocabulum
1263 1942 1417 2017 γυμνῆτες

242 2037 396 2123 positum
443 2058 532 2112 esse,
577 2056 655 2100 cum
700 2034 861 2121 plurimis
901 2035 1048 2101 verbum
1088 2039 1257 2105 πελτασταί
1293 2051 1416 2123 exstet,

243 2166 361 2210 norme
378 2143 545 2208 facillime
564 2142 780 2225 adducimur,
799 2154 837 2208 ut
854 2143 1000 2208 verbum
1020 2153 1171 2227 γυμνῆτες
1188 2145 1417 2232 scriptoribus

241 2250 397 2337 (Atticis)
431 2249 635 2337 posterioris
668 2250 810 2314 demum
837 2249 963 2315 aetatis
988 2249 1024 2314 in
1050 2272 1151 2316 usum
1181 2252 1317 2318 venisse
1342 2275 1416 2340 per-

242 2379 386 2425 suasum
411 2344 626 2422 habeamus?
673 2356 775 2440 Quod
800 2355 829 2423 si
854 2355 904 2422 ita
928 2379 964 2422 se
989 2356 1103 2440 habet,
1128 2357 1178 2442 iis,
1204 2381 1292 2445 quae
1309 2361 1416 2447 paulo

242 2475 325 2531 ante
339 2463 520 2552 disputata
534 2475 626 2547 sunt,
644 2463 893 2550 gravissimum
913 2475 1164 2552 argumentum
1180 2466 1416 2554 adipiscimur,

242 2595 311 2659 quo
347 2581 494 2659 apparet
529 2583 645 2659 partes
683 2575 712 2638 A
749 2582 783 2638 et
821 2577 846 2638 B
883 2573 1026 2639 omnino
1061 2596 1130 2639 non
1162 2597 1233 2642 uno
1259 2585 1415 2662 tempore

242 2679 453 2766 compositas
478 2699 564 2743 esse.

354 2805 410 2886 lis,
446 2825 538 2889 quae
567 2803 610 2866 ad
637 2803 775 2868 tabulas
801 2804 1026 2889 explicandas
1051 2806 1198 2871 dicenda
1223 2819 1332 2892 erant,
1357 2811 1415 2875 ab·

241 2914 367 2980 solutis
404 2933 515 2978 unum
540 2909 642 2976 nobis
668 2931 781 2995 genus
807 2910 992 2976 verborum
1017 2911 1236 2998 relinquitur.
1283 2915 1414 2982 Distuli

240 3022 284 3087 ad
321 3021 482 3086 ultimam
520 3016 737 3106 quaestionis
762 3029 907 3104 partem,
938 3039 1008 3083 uon
1034 3040 1104 3104 quo
1129 3021 1275 3087 vocibus
1298 3023 1416 3089 adhuc

242 3128 401 3193 tractatis
425 3147 496 3192 non
521 3125 734 3206 conveniret,
764 3125 824 3189 sed
850 3125 930 3210 quia
956 3125 1131 3212 propriam
1157 3137 1192 3192 et
1216 3128 1413 3214 longiorem

240 3233 515 3320 disputationem
552 3233 673 3318 poscit.
733 3235 786 3298 De
821 3231 863 3297 iis
900 3231 1044 3298 vocibus
1074 3232 1160 3315 dico,
1196 3234 1322 3319 quibus
1352 3235 1415 3300 inr-

240 3351 429 3428 peratores,
453 3338 572 3425 legati,
598 3340 820 3406 centuriones
845 3341 1021 3428 ceterique
1046 3342 1153 3407 duces
1179 3341 1331 3409 rnilitum
1356 3365 1415 3428 ap-

239 3451 426 3534 pellantur.
473 3446 543 3516 Sed
579 3447 785 3535 priusquam
821 3451 863 3514 de
896 3450 1046 3536 singulis
1071 3471 1256 3536 exponam,
1291 3473 1413 3518 onmes

241 3577 354 3634 voces
379 3556 421 3618 de
448 3555 574 3638 quibus
601 3558 634 3619 in
662 3557 728 3621 lrac
752 3560 960 3642 quaestione
984 3559 1111 3641 agitur,
1138 3579 1356 3643 componam.

239 3761 389 3839 Voces
414 3761 567 3844 quibus
584 3764 872 3848 imperatores
898 3768 1045 3853 legati,
1063 3770 1332 3835 centuriones
1350 3781 1414 3835 etc.

686 3891 965 3972 appeUantun

803 4035 843 4097 A.

291 4171 316 4234 I.
347 4168 498 4254 ναύαρχοι
509 4193 631 4236 omnes
647 4173 917 4243 Lacedaemonii
936 4184 1017 4239 sunt
1035 4177 1191 4262 exceptis
1207 4178 1276 4242 his:
1294 4184 1412 4260 ναυάρ-

346 4301 415 4359 χων
439 4278 455 4340 Ι
481 4274 509 4359 6,
522 4274 565 4343 29
589 4288 625 4346 et
649 4281 664 4346 l
690 4277 719 4363 7,
732 4277 783 4347 30.

269 4377 318 4444 11.
347 4385 504 4466 ἁρμοσταί
526 4386 750 4472 appellantur
774 4390 837 4455 soli
865 4391 1143 4461 Lacedaemonii.
