3500 5052
686 410 916 508 ...u--¹

328 631 442 696 Usum
480 629 562 712 Cyri
586 627 826 695 institutionis
861 627 1116 715 perlustrantes
1151 627 1393 696 intelleximus

210 735 302 804 nihil
328 755 412 818 esse,
436 733 523 822 quin
547 733 736 817 mirumin
761 734 904 802 modum
929 755 1010 801 cum
1034 756 1102 801 usu
1126 733 1266 801 dicendi
1282 734 1392 822 partis

216 845 243 908 B
269 841 434 908 concinat
469 863 581 929 eaque
613 840 690 928 ipsa
715 841 758 907 de
783 861 887 908 causa
912 840 994 908 usui
1017 839 1128 928 partis
1151 843 1183 906 Α
1205 850 1392 928 repugnet.

210 949 271 1016 Sic
306 948 443 1035 repperi
480 969 559 1014 cum
585 946 673 1014 alias
699 969 802 1014 voces
828 958 901 1014 tum
927 948 1007 1014 has:
1043 949 1209 1019 ἀντίπαλος
1231 949 1392 1034 (quater),

216 1063 366 1140 γυμνῆτες
390 1054 531 1142 (semel),
561 1055 706 1119 δαπανᾶν
729 1055 797 1140 (ter
821 1053 958 1137 decies),
988 1056 1134 1138 ἐγκλίνειν
1158 1053 1299 1140 (semel),
1327 1057 1391 1118 ἐπι-

215 1169 341 1246 κουρεῖν
369 1163 527 1248 (quater),
563 1162 683 1232 σκοπός
710 1160 863 1248 (sexies).
912 1161 1095 1226 Nonnulla
1123 1160 1284 1228 addenda
1309 1169 1393 1227 sunt

210 1268 259 1334 ad
285 1268 430 1335 verbum
455 1274 673 1352 παρεγγυᾶν
695 1270 744 1348 (ΙΙ
769 1263 799 1349 3,
811 1263 864 1334 21.
890 1269 944 1332 ΙΙΙ
968 1263 998 1351 2,
1010 1265 1040 1334 8.
1064 1265 1094 1352 3,
1107 1263 1160 1334 42.
1185 1263 1238 1338 58.
1262 1263 1314 1335 62.
1340 1264 1391 1333 69.

215 1377 266 1442 IV
293 1372 324 1458 1,
346 1371 446 1441 3bis.
483 1377 516 1442 V
539 1371 568 1457 3,
592 1371 643 1440 45.
684 1371 840 1458 V13,7.
878 1371 1110 1460 V111,4.10.
1148 1370 1263 1458 5‚17).
1310 1376 1394 1441 Ver-

212 1483 299 1548 bum
346 1489 527 1567 παρεγγυᾶν
562 1482 583 1548 i.
613 1505 641 1549 e.
678 1482 832 1548 edictum
871 1482 1007 1548 tradere
1048 1482 1097 1564 ei,
1144 1482 1219 1568 qui
1249 1491 1393 1568 propter

216 1588 369 1676 aliquem
407 1589 443 1654 in
480 1589 554 1655 acie
587 1598 666 1670 stat,
702 1588 787 1675 quin
817 1610 887 1655 vox
916 1589 1097 1655 sollemnis
1125 1587 1231 1654 fuerit
1259 1590 1295 1653 in
1325 1609 1390 1655 usu

161 1764 164 1768 ,
216 1695 578 1766 Lacedaemoniorum
603 1694 757 1761 dubitari
783 1694 915 1779 nequit.
955 1697 1045 1760 Xen.
1069 1693 1391 1781 Resp.Lac.11,4:

216 1807 251 1868 ἐκ
287 1805 321 1890 δὲ
356 1805 475 1868 τούτων
510 1809 573 1867 τῶν
607 1808 720 1885 μορῶν
749 1802 799 1866 διὰ
827 1804 1071 1886 παρεγγυήσεως
1099 1803 1299 1867 καθίστανται
1326 1805 1393 1867 τότε

215 1913 273 1993 μὲν
306 1913 348 1981 είς
372 1912 552 1992 ἐνωμοτίας,
576 1911 643 1974 τότε
667 1909 701 1973 δὲ
724 1912 766 1981 εἷς
788 1916 876 1992 τρεῖς,
905 1911 972 1973 τότε
1003 1909 1037 1972 δὲ
1060 1911 1102 1980 εἰς
1126 1911 1166 1984 ἕξ.
1214 1908 1302 1976 Ibid.
1319 1913 1338 1990 ξ
1356 1907 1391 1974 5:

216 2019 290 2082 εἰσὶν
312 2019 372 2100 μὲν
396 2016 456 2100 γὰρ
473 2019 506 2082 ἐν
521 2024 558 2101 τῇ
573 2018 750 2101 Λακωνικῇ
773 2019 856 2091 τάξει
879 2019 910 2080 οἱ
931 2019 1146 2099 πρωτοστάται
1170 2019 1317 2100 ἄρχοντες
1340 2019 1393 2082 καὶ
1499 2068 1501 2072 .

218 2127 236 2187 ὁ
252 2128 354 2208 στίχος
370 2127 500 2196 ἕκαστος
516 2123 577 2209 (sc.
586 2132 773 2210 propterea
790 2123 883 2210 quod
897 2123 1011 2189 edicta
1027 2130 1229 2206 παρεγγυῶσι
1245 2124 1393 2199 celetis).

148 2214 151 2220 ¹
217 2230 305 2298 Ibid.
337 2230 355 2318 ξ
387 2227 422 2295 8:
463 2232 517 2296 ε’ὰν
554 2232 582 2294 δ’
617 2234 650 2295 ἐν
683 2236 725 2318 τῷ
753 2233 885 2313 τοιούτῳ
916 2233 951 2294 ἐκ
989 2238 1043 2295 τοῦ
1083 2233 1221 2296 ἐναντίου
1260 2233 1392 2314 πολεμία

210 2341 341 2423 ’φάλαγξ
389 2342 537 2428 ἐπιφανῇ,
585 2345 628 2426 τῷ
668 2341 874 2423 ἐνωμοτάρχῃ
914 2346 1125 2423 παρεγγυᾶται
1164 2342 1206 2409 εἰς
1244 2341 1392 2422 μέτωπον

216 2449 292 2528 παρ’
319 2448 435 2511 ἀσπίδα
464 2449 689 2514 καθίστασθαι.
739 2446 790 2511 Ad
828 2447 973 2513 verbum
1006 2453 1186 2531 παρεγγυᾶν
1218 2447 1393 2533 explican-

215 2553 300 2619 dum
338 2552 492 2618 Haasius
528 2553 584 2637 (ad
621 2556 710 2618 Xen.
736 2557 860 2638 Remp.
885 2556 966 2623 Lac.
990 2551 1119 2641 pauo)
1154 2553 1242 2620 haec
1277 2555 1393 2621 affert:

220 2661 321 2744 ,Non
357 2659 519 2725 solebant
546 2659 582 2723 in
616 2659 871 2744 Spartanorum
911 2660 1067 2725 exercitu
1107 2660 1206 2725 ducis
1245 2661 1392 2746 imperia

211 2766 362 2833 classico
398 2775 460 2831 aut
493 2764 607 2850 siguis
642 2763 853 2846 denuntiari,
889 2764 1054 2850 quoniam
1091 2765 1125 2829 id
1155 2765 1257 2831 facile
1283 2766 1390 2832 etiam

217 2875 336 2940 hostes
360 2871 569 2959 sentiebant,
594 2871 655 2936 sed
680 2891 767 2936 voce
792 2869 891 2956 quasi
914 2892 977 2955 per
1001 2891 1128 2936 manus
1154 2872 1253 2955 tradi,
1278 2872 1327 2939 ita
1353 2884 1392 2939 ut

215 2981 348 3048 milites
384 3001 448 3046 suo
482 2979 631 3066 quisque
654 2980 839 3062 παραστατγγ
864 2986 899 3042 et
923 2979 1066 3061 ἐπιστάτῃ
1091 3000 1182 3064 quae
1206 2981 1318 3045 lacere
1343 2982 1393 3046 iu-

217 3089 383 3155 berentur
407 3086 643 3164 nuntiarent.“
704 3084 842 3169 Quibus
866 3084 953 3150 locis
978 3083 1129 3150 efficitur
1153 3085 1251 3152 verbi
1275 3111 1391 3170 παρεγ-

219 3203 297 3278 γυᾶν
320 3216 407 3276 eam,
436 3215 540 3280 quam
567 3193 649 3275 dixi,
673 3192 854 3259 notionem
879 3191 915 3256 in
940 3212 1006 3257 usu
1031 3192 1390 3262 Lacedaemoniorum

213 3302 332 3368 ¹fuisse.
381 3300 516 3384 Quodsi
552 3301 649 3368 illud,
676 3300 822 3366 verbum
859 3310 894 3366 et
922 3299 958 3364 in
985 3301 1012 3364 B
1041 3308 1077 3366 et
1100 3303 1137 3365 in
1162 3299 1391 3367 Institutione

218 3410 429 3493 invenimus
453 3408 606 3497 primum
632 3431 676 3476 ex
701 3432 741 3476 ea
765 3432 802 3476 re
826 3409 986 3496 sequitur
1002 3409 1286 3496 Xenophontem,
1311 3430 1391 3476 cum

219 3529 408 3602 utrumque
443 3517 612 3604 scriptum
649 3527 883 3605 componeret,
919 3538 1024 3582 voces
1049 3517 1194 3583 Doricas
1220 3517 1290 3583 iam
1315 3519 1392 3583 iun-

216 3623 313 3685 ditus
349 3622 522 3703 didicisse,
557 3625 578 3686 i.
599 3647 627 3688 e.
653 3624 775 3688 eodem
801 3633 966 3708 tempore,
995 3643 1064 3708 quo
1094 3624 1247 3708 exempli
1276 3623 1391 3708 gratia

219 3717 404 3788 formulam
441 3729 588 3809 φρουρὰν
622 3732 742 3809 φαίνειν
777 3749 882 3813 saepe
911 3728 1084 3796 adhibuit.
1131 3729 1201 3796 Sed
1227 3729 1319 3795 ultra
1343 3728 1392 3794 iu-

219 3827 398 3916 quireutes
431 3831 460 3896 si
496 3831 759 3900 consideramus
787 3834 1060 3920 Xenophontem
1097 3837 1132 3900 in
1161 3836 1391 3904 Institutione

213 3935 366 4003 ¹verbum
402 3944 582 4022 παρεγγυᾶν
611 3959 681 4003 non
706 3939 749 4004 de
772 3939 973 4026 Spartanis,
1000 3942 1061 4007 sed
1086 3943 1129 4008 ad
1154 3942 1241 4010 alias
1266 3955 1390 4030 gentes

219 4044 369 4111 relatum
388 4065 564 4131 usurpare,
581 4043 664 4110 inde
680 4045 782 4113 nobis
796 4045 1033 4132 colligendum
1049 4060 1104 4114 est
1115 4051 1389 4137 Xenophontem

217 4151 280 4218 illo
305 4159 462 4238 tempore
486 4151 573 4218 adeo
597 4153 749 4220 sermoni
774 4151 903 4219 Dorico
927 4155 1135 4240 assuevisse,
1171 4167 1305 4224 utnon
1330 4159 1391 4225 du-

219 4258 349 4324 bitaret
383 4281 425 4325 ea
449 4259 564 4343 verba,
599 4280 689 4346 quae
712 4259 762 4326 rei
787 4259 949 4330 militaris
972 4259 1225 4349 Spartanorum
1248 4265 1390 4352 propria

211 4375 445 4450 cognoverat,
470 4366 515 4432 ad
543 4366 631 4434 alias
656 4377 783 4453 gentes
806 4368 942 4437 reterre.
989 4369 1114 4458 Itaque
1139 4368 1389 4458 gravissimum
