3500 5052
689 331 912 398 ..47-

322 549 364 611 In
388 547 419 611 A
444 536 647 614 ἇλίσκεσθαι
673 555 710 613 et
733 546 935 635 ζωγρεῖσθαι
965 548 1041 632 pari
1065 549 1266 637 frequentia
1294 570 1394 616 usur·

214 663 354 738 pantur,
377 674 447 740 qno
472 674 552 720 cum
577 674 644 718 usu
668 651 889 736 Thucydidis
917 674 1007 739 opus
1031 653 1160 720 mirum
1185 654 1222 720 in
1246 656 1392 724 modum

217 760 393 843 convenit,
418 770 540 825 contra
564 759 600 823 in
619 761 646 823 B
671 759 766 824 etin
792 758 1020 826 Institutione
1037 769 1072 825 et
1095 760 1132 826 in
1149 760 1388 846 Expeditione

214 867 302 952 (nno
318 867 395 932 loco
412 868 571 951 excepto)
595 866 743 932 verbum
768 865 971 956 ζωγρεῖσθαι
994 867 1139 933 omnino
1162 889 1233 933 non
1249 867 1391 954 legitur.

215 972 394 1059 Imprimis
412 993 455 1036 ex
471 993 539 1036 usu
556 970 785 1055 Thucydidis,
807 972 866 1057 qui
882 972 997 1038 decies
1015 973 1149 1061 ζωγρεῖν
1165 973 1392 1062 (ζωγρεῖσθαι)

212 1080 331 1159 habet,
360 1086 508 1163 apparet
534 1076 622 1143 illud
651 1079 800 1144 verbum
830 1077 955 1164 prioris
985 1078 1112 1144 aetatis
1143 1079 1258 1165 magis
1282 1101 1390 1166 quam

113 1261 115 1268 ,
213 1183 417 1270 posterioris
430 1184 612 1270 proprium
637 1184 787 1271 fuisses)
816 1189 871 1252 Ne
896 1185 973 1271 quis
998 1185 1035 1251 in
1060 1207 1131 1253 uno
1151 1186 1213 1252 illo
1236 1184 1389 1273 Expedi-

214 1290 319 1358 tionis
342 1293 419 1359 ioco
443 1295 508 1374 (IV
532 1288 561 1376 7,
578 1289 635 1379 22)
659 1293 824 1377 offendat,
854 1315 922 1380 quo
949 1293 1081 1383 ζωγρεῖν
1109 1303 1232 1376 exstet,
1260 1315 1387 1360 moneo

211 1398 363 1466 inveniri
390 1400 485 1466 locos
513 1400 695 1486 quosdam,
724 1400 853 1489 quibus
881 1401 1028 1468 verbum
1056 1401 1189 1490 ζωγρεῖν
1222 1400 1384 1486 evitetur,

214 1506 377 1592 quamvis
406 1505 476 1572 illis
505 1507 591 1572 locis
619 1529 743 1574 sensus
773 1530 813 1574 ac
848 1509 945 1575 notio
979 1508 1121 1592 „vivum
1151 1511 1294 1595 capere“
1331 1531 1391 1596 po-

216 1621 345 1693 scatur,
380 1612 466 1696 quin
502 1613 609 1678 etiam
645 1635 665 1678 a
700 1614 869 1699 scriptore
904 1615 973 1680 alia
998 1614 1137 1680 ratione
1162 1614 1390 1700 exprimatur.

214 1716 350 1802 Exped.
368 1715 783 1803 1114,5legimns:.ro]v
805 1745 841 1784 ιε
859 1719 971 1800 πεζῶν
987 1710 1165 1786 ἀπέθανον
1189 1721 1312 1787 πολλοὶ
1333 1721 1391 1787 καί

212 1829 278 1889 τῶν
291 1819 432 1890 ἱππίων
445 1824 478 1890 ἐν
489 1829 530 1912 εγ]
545 1821 692 1914 χαράδρᾳ
706 1824 785 1904 ζωὸὶ
801 1823 999 1916 ἐλήφθησαν
1019 1823 1066 1904 είς
1083 1816 1353 1894 ὀκτωκαίδεκα..
1369 1878 1386 1912 .,

214 1940 290 1998 tum
307 1932 358 1998 IV
376 1929 404 2013 1,
416 1927 472 1996 22:
491 1921 734 2016 ἀπεκτείναμέν
748 1957 837 2010 τινας
852 1923 966 2014 αἰτῶν,
984 1932 1040 1998 καί
1054 1932 1177 2013 ζῶντας
1195 1931 1386 2022 προυθυμή-

210 2045 320 2130 θημεν
343 2041 528 2125 λαβεῖν...
554 2029 653 2118 ὅπως
675 2029 881 2127 ἡγεμόσιν..
903 2037 1125 2128 χρησαίμεθα.
1160 2039 1267 2107 Tales
1291 2041 1387 2107 locos
1441 2076 1445 2083 ·

212 2145 482 2233 inspicientibus
507 2145 770 2212 concedendum
795 2155 849 2211 est
872 2146 1147 2232 Xenophontem
1172 2147 1389 2214 adverbum

214 2255 343 2345 ζωγρεῖν
366 2254 610 2342 usurpandum
633 2274 705 2320 non
730 2253 833 2320 valde
857 2273 1071 2339 propensum
1096 2252 1214 2337 fuisse,
1239 2275 1319 2319 cum
1343 2253 1390 2336 id,

214 2363 307 2449 qnod
330 2384 402 2429 nno
425 2361 534 2430 verbo
558 2359 673 2427 dicere
697 2359 823 2447 potuit,
847 2360 1008 2447 pluribus
1032 2359 1209 2447 explicare
1233 2382 1314 2427 eum
1338 2359 1388 2427 vi-

213 2468 370 2536 deamuS.

554 2668 636 2731 XII.
660 2666 842 2732 Vocabula
867 2665 1049 2733 exercitus.

778 2787 819 2873 ε’.

416 2914 610 3002 στράτευμα.
1021 2911 1169 3000 στρατιά.

232 3074 248 3134 ι
273 3069 302 3154 1,
319 3070 371 3137 ει.
394 3070 447 3140 31.
472 3073 501 3158 ε,
518 3073 571 3142 13.
595 3072 650 3142 ιε.
674 3072 704 3157 ε,
720 3069 772 3138 20.
848 3078 864 3138 1
888 3071 1386 3166 1,s.12,ons.13.3‚5.4,10.

278 3177 308 3263 4,
325 3177 379 3248 22.
405 3177 435 3263 5,
451 3178 480 3245 7.
505 3178 534 3260 ε,
550 3177 603 3246 18.
893 3177 945 3246 21.
970 3178 999 3264 5,
1021 3177 1069 3245 ιι.

212 3289 246 3350 ιι
271 3283 302 3370 3,
320 3286 351 3353 3.
580 3337 581 3340 κ
827 3289 861 3349 11
886 3285 986 3370 1,15.

210 3379 530 3389 Q„
796 3396 799 3500 Ι
1099 3411 1119 3478 9

1276 3505 1383 3514 .—.-.--

321 3648 344 3729 1)
368 3653 414 3710 Ne
439 3655 505 3728 quis
529 3652 611 3710 dicat
634 3653 796 3710 discrimen
821 3653 898 3709 inter
922 3655 981 3709 duo
1007 3652 1059 3708 illa
1082 3656 1176 3710 verba
1200 3669 1267 3710 esse
1292 3652 1385 3725 scrip·

210 3748 369 3816 toremque
399 3743 527 3799 alterum
556 3742 595 3798 de
618 3741 764 3798 industria
794 3741 906 3797 evitare
935 3741 1081 3806 voluisse;
1110 3760 1182 3798 nam
1207 3726 1386 3818 ἁλίσκωμαι

210 3829 293 3886 idem
317 3832 468 3906 estquod
492 3826 685 3915 ζωγροῦμαι,
711 3837 926 3905 praeterquam
950 3830 1032 3904 quod
1056 3832 1115 3887 hoc
1138 3832 1263 3887 verbum
1287 3828 1385 3886 notio·

210 3935 282 3974 nem
306 3920 397 3977 artius
421 3920 681 3995 circumscriptam
705 3920 813 3976 habet:
846 3919 964 3988 ,vivum
988 3918 1089 3992 capi“.
1135 3919 1206 3986 Qua
1230 3920 1268 3976 de
1293 3935 1386 3975 causa

211 4024 248 4062 ex
270 4025 395 4075 numero
420 4011 628 4085 exemplomm
651 4008 737 4066 verbi
761 3992 962 4070 ἁλίσκεσθαι
990 4024 1028 4063 ea
1051 4014 1168 4064 tantum
1192 4008 1279 4084 elegi,
1305 4025 1385 4082 quae

210 4095 248 4150 ad
269 4097 408 4162 homines
432 4101 499 4174 (seu
515 4098 672 4176 animalia)
695 4097 871 4164 referuntur,
886 4113 1076 4196 quorumque
1093 4098 1161 4154 loco
1187 4091 1384 4180 ζωγρεῖσθαι

207 4185 281 4257 poni
304 4187 411 4264 potuit,
438 4206 508 4246 cum
531 4189 618 4246 huius
638 4194 755 4245 tantum
770 4185 888 4262 generis
910 4185 995 4242 verbi
1019 4176 1220 4247 αλίσκεσθαι
1245 4187 1386 4258 exempla

208 4292 279 4331 cum
302 4277 402 4334 verbis
427 4271 629 4361 ζωγρεῖσθαι
656 4275 784 4334 conferri
807 4292 940 4350 aequum
964 4273 1011 4331 sit.
