3500 5052
835 447 1055 516 ,13-

363 668 455 760 imos
483 673 558 760 τούς
582 679 701 767 νόμους
723 733 781 748 ...
806 678 1032 772 φυλάττοντες,
1060 670 1138 750 ὅτευ
1160 679 1286 750 τούτων
1308 683 1411 774 μηδὲν
1435 681 1542 770 πράτ-

361 811 429 854 τειν
454 792 634 874 πειρᾶσθε.
682 790 724 854 In
749 788 816 854 hoc
839 809 911 856 uno
935 790 1098 877 exemplo
1122 789 1339 874 omniafere,
1363 809 1452 876 quae
1468 790 1541 858 hnc

362 893 550 980 pertinent,
571 894 760 961 coniuncta
776 905 977 964 cernuntur.
1018 899 1158 963 Partem
1175 896 1252 964 eius
1268 896 1439 964 orationis
1455 907 1540 964 ante

362 1001 483 1067 oculos
507 1000 689 1084 habemus,
717 1021 825 1089 quam
850 1001 1127 1089 Euryptolemus
1154 1013 1237 1091 post
1258 1024 1419 1091 pugnam
1443 1004 1539 1090 apud

362 1107 564 1194 Arginusas
592 1107 728 1175 insulas
762 1109 892 1176 factam
925 1131 990 1196 pro
1021 1118 1101 1176 octo
1128 1109 1277 1178 ducibus
1305 1110 1441 1179 habuit.
1487 1112 1540 1178 Ac

362 1213 516 1300 primum
542 1213 685 1301 quidem
708 1215 812 1283 initio
835 1216 1116 1303 uniuscuiusque
1140 1217 1316 1284 enuntiati
1337 1239 1470 1285 novum
1488 1242 1538 1285 ar·-

365 1332 578 1407 gumentunr
602 1323 759 1407 aliertur,
782 1322 819 1388 id
843 1323 937 1409 quod
960 1323 1019 1389 hic
1042 1333 1252 1409 conspectus
1278 1324 1455 1392 ostendat:

522 1457 607 1532 κατὰ
630 1469 727 1532 τοῦτο
750 1461 789 1531 τὸ
812 1462 975 1555 ψήφισμα
997 1463 1120 1532 κελεύω
1167 1514 1174 1531 .
1223 1519 1229 1532 .

521 1576 618 1638 τοῦτο
643 1561 706 1639 <tet
727 1567 773 1662 μὴ
797 1568 963 1655 βούλεσθε
999 1622 1340 1641 .......

521 1675 646 1745 τούτων
670 1669 826 1766 ὁποτέρῳ
848 1675 1014 1762 βούλεσθε
1054 1731 1340 1749 ......

521 1777 647 1852 τούτων
670 1783 708 1852 δὲ
735 1783 937 1874 γιγνομένων
998 1836 1340 1855 .......

521 1881 614 1975 ὑμεῖς
637 1889 673 1958 δὲ
695 1886 782 1957 κατὰ
804 1883 862 1957 τὸν
884 1887 984 1977 νόμον
1053 1943 1339 1963 ......

521 1995 556 2064 τί
578 1997 614 2065 δὲ
637 1995 693 2064 καὶ
716 1994 865 2077 δεδιότες
886 2051 1340 2070 .........

523 2094 596 2172 ἀλλ’
618 2100 702 2183 ἴσως
726 2092 767 2171 riv
789 2131 862 2172 τινα
884 2160 1339 2177 .........

522 2206 614 2279 δεινοὶ
639 2201 713 2278 ‹l'iiv
736 2210 919 2303 ποιήσαιτε
941 2269 1339 2284 ........

521 2314 565 2402 με’
591 2309 686 2402 ὑμεῖς
708 2344 746 2409 γε
773 2371 1339 2393 ...........

469 2460 524 2526 Ad
554 2468 608 2527 tot
631 2475 841 2547 argumenta
868 2462 961 2532 inter
984 2487 1022 2531 se
1046 2462 1298 2550 coniungenda
1321 2460 1538 2548 Xenophon-

364 2579 435 2636 tem
460 2589 505 2634 ne
529 2568 637 2634 semel
661 2567 803 2656 quidem
819 2570 993 2660 particula
1015 2569 1081 2660 μήν
1104 2570 1154 2658 (γε
1175 2567 1254 2658 μήν)
1279 2589 1382 2635 usum
1401 2588 1476 2634 esse
1493 2589 1537 2634 ex

363 2683 553 2762 conspectu
594 2685 747 2762 apparet.
805 2679 886 2762 Quo
921 2678 1034 2765 igitur
1069 2675 1276 2742 dilabuntur
1304 2695 1427 2741 omnes
1455 2673 1537 2740 illue

363 2803 491 2849 causae
509 2783 796 2868 Hartmanianae,
821 2807 865 2850 ex
882 2784 1011 2870 quibus
1027 2783 1182 2870 pendere
1198 2782 1259 2848 ille
1275 2781 1374 2865 dixit,
1395 2781 1537 2867 qnando

363 2898 399 2956 et
413 2910 482 2975 quo
494 2890 748 2959 sententiarum
763 2912 901 2959 conexu
913 2889 1089 2977 particula
1103 2887 1169 2976 μήν
1181 2888 1342 2976 usurpari
1355 2887 1539 2955 debuerit?

363 2999 432 3076 Sed
459 2998 657 3066 accuratius
672 2998 868 3082 videamus
892 2997 977 3086 quid
994 3018 1058 3064 nos
1074 2996 1162 3063 illud
1179 2997 1382 3082 exemplum
1400 2996 1536 3062 doceat.

365 3104 521 3172 Primum
557 3107 699 3194 quidem
733 3104 976 3174 intelleximus
1004 3103 1211 3191 scriptorem
1244 3112 1536 3190 argumentorum

363 3215 658 3282 conectendorum
694 3236 801 3282 causa
836 3234 908 3280 non
941 3210 1006 3301 μήν
1035 3210 1248 3294 adhibuisse,
1283 3210 1344 3277 sed
1373 3219 1437 3276 aut
1459 3229 1539 3276 con·

363 3317 580 3386 iunctionem
604 3321 748 3388 omnino
773 3319 926 3388 evitasse
949 3327 1014 3384 ant
1030 3327 1244 3403 argumenta
1261 3315 1411 3404 simplici
1428 3315 1466 3384 δέ
1481 3315 1537 3382 vel

364 3416 450 3492 ἄλλά
462 3425 621 3494 adhibito
634 3427 869 3494 coniunxisse.
894 3423 1021 3494 Verbis
1033 3421 1159 3489 τούτων
1170 3414 1322 3512 ὁποτέρῳ
1331 3420 1538 3507 βούλεσθε...

365 3533 624 3619 quodammodo
649 3534 827 3600 conclusio
851 3532 893 3598 iit
916 3554 960 3597 ex
977 3530 1116 3595 duobus
1133 3529 1309 3613 membris,
1334 3551 1425 3617 qnae
1442 3540 1539 3594 ante-

364 3642 508 3710 cedunt:
532 3637 618 3708 κατὰ
642 3648 738 3708 τοῦτο
762 3637 800 3706 τὸ
826 3637 991 3729 ψήφισμα
1015 3633 1136 3703 κελεύω
1163 3689 1170 3702 .
1196 3686 1203 3701 .
1229 3646 1264 3702 et
1287 3643 1384 3704 coito
1408 3627 1470 3704 δἐἰ
1491 3631 1538 3726 μὴ

363 3746 526 3832 βούλεσθε
543 3800 550 3815 .
565 3801 571 3815 .
586 3799 609 3832 .,
634 3771 716 3814 nam
743 3747 796 3812 his
821 3746 912 3811 duae
935 3765 991 3810 res
1015 3743 1291 3810 Atheniensibus
1315 3745 1538 3830 praebentur,

364 3877 513 3942 quarum
542 3855 717 3922 utramvis
747 3853 904 3938 accipere
934 3859 1092 3936 possunt,
1121 3851 1238 3916 verbis
1268 3861 1387 3918 autem
1412 3849 1539 3918 τούτων

365 3954 516 4052 ὁποτέρῳ
539 3961 704 4048 βούλεσθε
729 4011 736 4026 .
763 4012 769 4026 .
795 4006 821 4041 .,
857 3969 897 4023 ut
921 3957 1107 4022 Hartnrani
1132 3958 1239 4022 verba
1263 3980 1398 4046 sequar,
1429 3959 1539 4025 altera
1643 4003 1646 4006 -

364 4071 563 4156 syllogismi
588 4090 670 4154 pars
688 4054 896 4146 annectitur,
922 4064 1017 4149 quali
1034 4064 1288 4130 sententiarum
1310 4087 1446 4132 conexu
1464 4088 1540 4152 par-

365 4178 510 4244 ticulam
526 4177 591 4266 μήν
607 4173 840 4240 necessariam
858 4195 878 4236 a
892 4171 1130 4256 Xenophonte
1147 4170 1304 4236 adhiberi
1318 4175 1539 4240 Hartmanus

366 4285 560 4350 affirmavit
583 4283 640 4366 (ci.
659 4303 692 4367 p.
710 4277 752 4345 16
777 4279 843 4346 sub
868 4278 903 4364 3)
921 4319 960 4326 -
980 4279 1040 4344 sed
1065 4279 1194 4344 frustra
1218 4300 1294 4345 earn
1318 4281 1395 4345 loco
1419 4289 1540 4346 nostro

364 4391 580 4476 quaerimus
630 4387 766 4457 Ultima
784 4388 854 4453 dno
871 4386 1028 4452 membra
1047 4394 1144 4451 sunt:
1166 4378 1254 4451 δεινὰ
1272 4379 1344 4452 δ’ἂο
1361 4385 1540 4476 ποιήσαιτε
