3500 5052
836 424 1057 494 ..70-

370 644 584 731 usurpandis
608 641 775 726 assuerit,
798 643 966 731 scriptam
991 663 1067 709 esse
1091 651 1128 709 et
1143 641 1240 708 illam
1258 641 1374 729 operis
1394 653 1543 729 partem,

365 751 403 817 in
438 773 508 838 qua
533 771 655 818 vocem
679 744 822 842 φρουρὰν
844 747 970 841 ηαίνειν
993 771 1065 816 non
1090 747 1206 835 magis
1231 747 1373 816 novisse
1399 748 1541 818 videtur

365 879 472 944 quarn
512 856 741 943 Thucydides
782 857 1072 942 Herodotusque,
1112 855 1236 943 priore,
1274 865 1367 924 certe
1400 857 1543 923 diverso

367 976 526 1051 ternpore
549 963 784 1050 conscriptam
811 964 908 1030 esse?

470 1109 675 1196 ἐγκλίνειν.
725 1109 806 1173 Hoc
829 1108 977 1173 verbum
994 1107 1031 1172 in
1049 1107 1256 1173 universum
1274 1107 1541 1192 ascriptoribus

363 1216 476 1282 rarius
499 1222 700 1300 usurpatur.
749 1216 832 1280 Pars
856 1218 887 1278 A
912 1235 953 1280 eo
977 1212 1122 1279 omnino
1144 1222 1259 1295 vacat,
1282 1212 1319 1278 in
1336 1215 1364 1278 B
1384 1213 1541 1280 crebrius

363 1318 533 1407 (114,34.
575 1317 746 1402 1114,24.
794 1322 844 1386 IV
869 1315 1158 1403 4,17.5,1u.17.
1183 1316 1266 1401 6,11
1293 1318 1362 1405 bis)
1397 1319 1541 1406 legitur.

364 1429 427 1495 Vis
466 1428 541 1494 eius
581 1427 679 1493 verbi
718 1435 771 1493 est
809 1427 987 1510 „cedere“,
1021 1427 1082 1493 sed
1114 1425 1292 1494 interdum
1329 1426 1407 1493 loco
1441 1427 1541 1494 verbi

364 1533 501 1624 φεύγειν
526 1543 727 1620 usurpatur.
772 1532 833 1602 Sic
848 1535 884 1598 11
901 1529 998 1618 aar:
1023 1530 1055 1600 οἱ
1075 1533 1136 1618 μὲν
1150 1531 1369 1624 ε’ξειύσύησαν
1383 1533 1430 1614 εἰς
1442 1530 1541 1600 τὸν..

362 1639 482 1732 πηλόν,
509 1637 540 1708 αἱ
564 1641 602 1708 δὲ
625 1639 797 1708 ἐνέκλιναν.
844 1639 901 1710 Ex
924 1639 977 1723 iis,
1002 1661 1094 1728 quae
1117 1647 1327 1728 sequuntur:
1353 1632 1372 1706 ὁ
1396 1641 1433 1708 δὲ
1448 1647 1542 1708 Παυ-

365 1747 483 1828 σανίας
525 1753 692 1833 τροπαῖον
733 1747 936 1838 στησάμενος
978 1737 1164 1836 ἀνεχώρησε
1201 1745 1354 1813 efficitur
1392 1747 1540 1815 verbum

360 1853 519 1944 ἐγκλίνειν
543 1877 584 1920 eo
600 1858 678 1921 loco
693 1876 757 1941 pro
773 1851 909 1942 φεύγειν
925 1863 1136 1940 usurpatum
1154 1873 1238 1920 esse.
1286 1854 1385 1920 Idem
1403 1877 1447 1920 ex
1463 1856 1543 1922 loco

362 1964 414 2028 IV
438 1958 522 2044 6,11
548 1960 780 2047 intellegitur.
828 1959 926 2046 Ergo
950 1981 1072 2026 rursus
1100 1959 1263 2027 videmus
1291 1961 1542 2047 Xenophontis

364 2071 551 2135 verborum
577 2067 714 2154 copiam
739 2067 775 2133 in
793 2070 821 2132 B
837 2067 1063 2153 prolixiorem
1081 2088 1280 2154 essequam
1299 2066 1336 2133 in
1353 2067 1394 2134 A.
1441 2068 1541 2134 Idem

360 2175 549 2242 dicendum
581 2187 634 2242 est
662 2175 705 2241 de
735 2174 843 2242 verbo
871 2173 1128 2255 διαπίπτειν,
1165 2175 1260 2261 quod
1284 2173 1378 2241 idem
1403 2176 1474 2241 iere
1498 2176 1545 2241 si-

363 2283 513 2368 gnificat
536 2283 629 2369 quod
656 2283 804 2349 verbum
835 2271 1096 2368 ύπυύιδρύσιειν
1124 2281 1182 2348 vel
1210 2282 1328 2368 potius
1361 2280 1542 2373 ἐκφεύγειν.

362 2389 481 2459 Etiam
519 2387 726 2455 διαπίπτειν
761 2411 806 2454 ne
840 2409 912 2454 uno
936 2387 1079 2474 quidem
1103 2387 1215 2474 partis
1240 2390 1272 2454 A
1295 2389 1373 2455 loco
1396 2389 1540 2474 legitur,

362 2517 441 2561 cum
478 2495 514 2559 in
553 2497 579 2560 B
615 2504 753 2582 praeter
781 2517 831 2576 ea,
860 2515 951 2581 quae
975 2493 1167 2577 nominavi,
1192 2497 1299 2563 verba
1324 2495 1466 2582 saepius
1490 2495 1543 2560 in-

362 2602 528 2668 veniatur
551 2602 621 2688 (III
645 2597 675 2684 2,
688 2601 718 2667 4.
756 2603 807 2667 IV
831 2597 926 2684 3,18.
963 2598 1006 2667 19
1029 2601 1105 2682 bis).

473 2726 651 2814 ε’τράπην
683 2736 719 2794 et
749 2725 960 2818 ἐτρέφθην.
1009 2729 1051 2792 In
1084 2729 1115 2792 A
1151 2726 1248 2794 verbi
1284 2727 1417 2814 τρέπειν
1445 2729 1545 2794 solus

358 2834 511 2899 aoristus
544 2832 736 2924 ε’τρεψύμην
768 2833 908 2920 legitur,
941 2833 979 2900 in
1003 2836 1032 2899 B
1056 2843 1177 2901 autern
1201 2844 1384 2918 praeterea
1406 2835 1541 2900 formae

359 2941 480 3005 aoristi
501 2939 633 3026 passivi
658 2945 826 3028 τραπῆναι
851 2952 886 3005 et
903 2945 1093 3029 τρεφθῆναι
1107 2939 1340 3007 inveniuntur
1356 2942 1426 3027 (ΙΙΙ
1443 2938 1473 3022 4,
1486 2937 1543 3008 14.

359 3043 388 3128 5,
401 3042 454 3112 20.
481 3049 512 3112 V
538 3045 647 3132 1,12).

470 3164 832 3239 εἷναπεπλευκέναι.
879 3173 944 3258 (IV
968 3170 1065 3254 8,36)
1126 3176 1167 3237 ln
1191 3175 1231 3254 A,
1259 3193 1350 3259 quae
1374 3175 1479 3238 rebus
1503 3174 1541 3237 in

360 3279 448 3342 mari
475 3279 586 3363 gestis
611 3280 737 3344 referta
761 3288 822 3360 est,
848 3278 935 3344 nihil
961 3279 1029 3344 uisi
1054 3271 1239 3366 ἀνάγεσθαι
1265 3280 1416 3346 invenis.

469 3409 676 3486 βουθυτεῖν
701 3413 736 3468 et
760 3401 1058 3493 σφαγιάζεσθαι
1087 3404 1181 3470 ἰυ.Β
1211 3414 1349 3491 praeter
1382 3403 1480 3472 θύειν
1505 3416 1541 3472 et

362 3506 509 3576 sucosa
534 3517 750 3596 usurpantur
777 3511 843 3592 (IV
871 3505 966 3592 3,14.
1009 3512 1061 3575 ΙΙΙ
1091 3513 1120 3593 4,
1133 3507 1189 3594 23;
1224 3513 1275 3579 IV
1297 3509 1397 3595 2,20;
1432 3509 1556 3594 6,10),,

363 3615 398 3680 in
425 3617 453 3680 A
479 3615 595 3682 solum
619 3619 722 3684 θύειν,

464 3749 649 3827 γυμνῆτες
672 3751 707 3808 et
729 3744 934 3808 πελτασταί
955 3743 991 3808 iu
1011 3746 1038 3807 B
1060 3749 1164 3827 (γυμν.
1182 3746 1216 3807 ΙΙ
1242 3739 1337 3827 4,25.
1363 3746 1414 3810 1V
1437 3740 1541 3828 2,14,·

362 3851 441 3912 νιελι.
466 3848 694 3936 saepissime),
718 3848 802 3915 inA
826 3849 941 3917 solum
960 3851 1129 3915 πελτασταί.
1177 3851 1231 3916 Βε
1254 3849 1310 3917 his
1326 3850 1444 3918 verbis
1461 3871 1542 3917 con·

361 3954 452 4022 ieras
468 3975 599 4041 quaeso
616 3977 666 4039 ca,
690 3977 782 4044 quae
799 3956 889 4022 inira
905 3978 938 4043 p.
950 3952 993 4021 72
1006 3978 1054 4044 sq.
1071 3956 1235 4044 explicui.
1267 3959 1439 4023 δαπανᾶν
1455 3957 1491 4024 in
1510 3959 1542 4023 B

357 4061 490 4148 legitur
525 4063 576 4128 IV
599 4059 687 4147 8,10
721 4074 757 4130 et
792 4066 844 4130 IV
871 4061 968 4147 8,1r.
1028 4064 1185 4131 Verbum
1221 4066 1404 4139 ἀναλίσκειν,
1444 4065 1538 4151 quod

354 4170 393 4236 in
417 4169 447 4234 A
472 4168 592 4248 solum¹
617 4168 1002 4258 invenitur(15‚4et
1027 4173 1062 4235 II
1087 4169 1194 4256 1,11),
1230 4171 1267 4236 in
1292 4173 1319 4237 B
1345 4173 1454 4238 semel
1478 4194 1539 4259 po·

354 4275 460 4344 situm
480 4284 548 4369 est:
573 4279 625 4343 IV
640 4273 671 4360 2,
683 4273 714 4344 7.
761 4279 932 4364 Apertum
951 4288 1004 4344 est
1025 4278 1232 4365 scriptorem
1249 4277 1285 4343 in
1304 4279 1334 4343 A
1352 4280 1539 4350 ἀναλίσκειν,

354 4384 390 4448 in
418 4386 444 4449 B
469 4385 613 4450 δαπανᾶν
637 4383 854 4470 praetulisse.
1394 4392 1396 4398 '
