3500 5052
702 394 921 464 ..79-

220 616 536 697 εσαίπεντηκοντήρ,
549 616 709 696 ὁικαστήρ,
722 616 910 698 ἀτιοὸεκτήρ,
925 617 1021 699 ὀατήρ
1027 616 1080 696 (cl.
1087 637 1120 702 p.
1127 611 1191 702 72).
1210 617 1398 699 Quaectim

225 720 276 788 ita
300 719 380 800 sint,
404 719 550 785 omnino
573 718 649 786 fieri
667 740 738 785 non
762 727 887 805 potest,
911 719 996 806 quin
1022 721 1222 808 Xenophon
1245 742 1326 788 eum
1350 723 1399 790 lo

223 848 316 910 curn,
341 847 410 913 quo
434 829 649 910 ἁρμοστήρων
672 825 840 913 scriptum
862 847 939 893 esse
955 826 1126 910 videmus,
1151 827 1398 895 auctoritatem

226 932 398 1000 sermonis
423 932 542 999 Dorici
566 931 757 1019 respiciens
773 932 962 1020 scripserit.
997 934 1054 1020 (cf.
1078 956 1111 1021 p.
1128 931 1186 1019 29)
1242 934 1330 1000 Cum
1360 935 1397 999 in

225 1041 366 1126 parteA
381 1039 469 1105 nihil
482 1039 654 1106 eiusmodi
668 1048 847 1126 appareat,
859 1039 966 1106 etiam
979 1041 1015 1105 in
1027 1040 1086 1106 illa
1098 1063 1134 1108 re
1145 1049 1396 1126 argumentum

226 1146 379 1234 positum
407 1168 483 1212 esse
508 1145 681 1228 existimo,
707 1167 777 1232 quo
801 1157 920 1234 partes
944 1149 974 1212 A
999 1156 1034 1212 et
1058 1149 1086 1212 B
1110 1155 1146 1212 et
1161 1149 1238 1213 loco
1263 1158 1297 1212 et
1314 1158 1400 1212 tem-

227 1275 319 1338 pore,
345 1274 414 1339 quo
438 1263 522 1320 suut
546 1252 706 1339 scriptae,
731 1253 888 1319 diversas
913 1275 989 1319 esse
1013 1253 1220 1327 ostenditur.

337 1357 550 1448 ταξίαρχος.
599 1361 703 1426 Hanc
736 1382 857 1427 vocem
895 1360 1102 1427 sollemnem
1128 1360 1398 1427 Atheniensium

225 1490 304 1534 esse
321 1476 469 1550 constat,
485 1467 542 1533 cui
559 1467 607 1534 rei
625 1469 758 1554 optime
776 1469 943 1535 convenit
955 1470 1000 1545 A;
1026 1490 1106 1534 nam
1125 1469 1289 1535 omnibus
1304 1467 1400 1549 locis,

226 1573 355 1662 quibus
380 1573 527 1660 scriptor
551 1574 594 1639 de
615 1572 798 1662 ταξιάρχοις
812 1573 975 1659 loquitur,
1000 1574 1036 1639 hi
1055 1574 1289 1642 Athenienses
1305 1583 1399 1640 sunt.

228 1683 309 1746 Non
333 1702 454 1767 parem
480 1701 584 1747 usum
606 1701 686 1766 pars
705 1682 731 1744 B
749 1679 922 1766 sequitur;
947 1702 1028 1745 narn
1047 1680 1158 1746 tribus
1174 1679 1259 1745 locis
1276 1701 1399 1746 vocem

226 1786 401 1875 ταξίαρχος
424 1788 466 1853 ad
493 1785 793 1858 Lacedaemonios
821 1786 966 1852 relatam
996 1785 1206 1853 invenimus.
1254 1787 1334 1871 Qua
1364 1810 1400 1852 re

227 1916 344 1959 nonne
369 1903 619 1980 argumentum
645 1892 900 1980 suppeditatur,
926 1892 1020 1980 quod
1050 1893 1214 1960 omnibus
1248 1895 1402 1981 superio·

227 2001 324 2066 ribus
341 2000 553 2066 contrarium
569 2000 633 2066 sit?
653 2003 781 2066 Nonne
798 2009 923 2086 putare
935 2000 1106 2066 debemus
1118 2001 1401 2087 Xenophontem,

228 2105 315 2172 cum'
332 2107 368 2171 in
392 2116 492 2193 parte
518 2110 544 2171 B
571 2128 692 2173 vocem
719 2105 871 2172 Atticam
897 2107 941 2173 ad
967 2107 1266 2177 Lacedaemonios
1292 2117 1402 2173 trans-

227 2215 341 2297 ferret,
373 2214 465 2300 apud
491 2214 727 2280 Athenienses
756 2223 935 2280 versatum
966 2235 1041 2280 esse
1070 2235 1261 2300 eorumque
1298 2235 1401 2280 voces

228 2321 334 2386 etiam
360 2320 402 2386 de
421 2319 710 2393 Lacedaemoniis
736 2319 982 2407 usurpavisse?
1027 2319 1095 2386 Sed
1121 2321 1318 2387 accuratius
1343 2343 1402 2387 eos

229 2429 323 2494 locos
348 2428 591 2516 inspiciamus!
641 2427 811 2514 Legimus
837 2431 890 2493 111
918 2425 945 2511 1,
958 2423 1015 2494 28:
1040 2421 1133 2508 ἑξιολν
1158 2428 1194 2495 δὲ
1215 2427 1269 2515 (sc.
1287 2434 1403 2517 Δερκτ-

227 2532 345 2618 litae),
370 2522 426 2614 uic
445 2523 537 2624 piper
553 2535 613 2602 ἐπὶ
637 2544 707 2614 ταῖς
732 2534 855 2622 θύραις
877 2540 943 2601 τῶν
965 2533 1144 2622 ταξιάρχων
1167 2536 1223 2604 καί
1244 2538 1402 2624 λοχαγῶν,

230 2635 326 2707 εἶπεν
362 2632 491 2718 adroic·
534 2635 674 2718 Μισθὸς
707 2642 767 2723 μὲν
790 2633 878 2727 ἡμῖν,
916 2633 941 2706 τί
967 2631 1091 2729 άνδρες,
1129 2639 1294 2729 εἴργασται
1332 2695 1338 2708 .
1365 2694 1371 2707 .
1397 2689 1404 2702 .

225 2738 483 2830 ὀκτακισχιλίοις
500 2738 662 2834 ἀνδράσιν.
689 2756 764 2811 tum
790 2748 846 2809 ΙΙΙ
863 2742 963 2827 2,16;
989 2737 1035 2824 aig
1058 2745 1095 2812 dc*
1117 2751 1219 2812 raico
1241 2735 1368 2835 ᾔσθετο
1386 2739 1403 2808 ri

228 2851 438 2943 .ίερκνλίάας,
476 2859 542 2933 τοῖς
564 2852 625 2938 μὲν
647 2850 833 2942 ταξιάρχοις
855 2850 912 2917 καὶ
934 2859 1001 2930 τοῖς
1024 2853 1174 2938 λοχαγοῖς
1196 2846 1273 2918 εἶπε
1297 2879 1404 2942 παρα-

229 2960 430 3029 τάττεσθαι.
475 2960 627 3048 denique
646 2961 697 3027 IV
713 2957 743 3041 l,
761 2955 818 3023 26:
843 2957 920 3024 ἐπεὶ
945 2957 981 3024 δὲ
997 2951 1038 3024 τά
1060 2957 1231 3048 ληφθέντα
1255 2958 1405 3049 χρήματα

224 3059 406 3157 -άπήχαχον
439 3069 475 3134 οἵ
498 3093 533 3134 τε
568 3063 783 3156 Παφλαγόνες
812 3064 866 3132 καὶ
896 3057 914 3130 ὁ
940 3061 1179 3154 Σπιθριδάτης,
1209 3057 1405 3153 ὑποστήσας

230 3166 441 3261 Ἡριππίδας
465 3173 654 3261 ταξιάρχοις
679 3173 734 3238 καὶ
766 3167 927 3262 λοχαχοι“·ς
954 3162 1110 3263 άηιείλιτο
1139 3164 1281 3238 ἅπαντα.
1340 3173 1405 3237 His

232 3281 317 3348 locis
335 3291 496 3374 accurate
514 3303 555 3347 ac
572 3280 761 3368 diligenter
779 3279 990 3347 examinatis
1008 3279 1154 3346 minime
1170 3299 1234 3346 nos
1248 3279 1405 3364 effugiet,

232 3388 410 3476 quomodo
436 3411 506 3455 vox
528 3386 702 3478 ταξίαρχος
724 3388 793 3455 illis
814 3388 900 3454 locis
925 3387 1163 3474 intellegenda
1187 3386 1242 3455 sit.
1269 3386 1407 3474 Copiae,

229 3498 274 3562 de
310 3497 438 3583 quibus
475 3496 585 3565 tribus
620 3497 690 3563 illis
725 3497 810 3564 locis
847 3496 983 3579 dicitur,
1019 3518 1088 3563 uon
1122 3495 1252 3562 milites
1286 3494 1406 3581 gravis

230 3612 431 3666 armaturae
456 3604 826 3682 Lacedaemoniorum,
853 3603 913 3668 sed
939 3601 1169 3667 mercennarii
1186 3610 1279 3681 sunt,
1305 3601 1406 3684 Cyrei

229 3704 291 3784 qui
321 3715 503 3786 vocantur,
531 3728 619 3790 quos
648 3708 849 3792 Xenophon
880 3708 971 3791 Cyro
1001 3707 1114 3774 occiso
1143 3716 1221 3792 post
1246 3727 1406 3792 pugnam

231 3808 328 3894 apud
356 3807 502 3874 Cunaxa
527 3810 750 3877 commissam
776 3834 819 3877 ex
844 3813 928 3878 Asia
953 3835 1047 3879 anno
1063 3835 1091 3878 a.
1109 3812 1186 3878 Chr.
1205 3834 1236 3877 n.
1254 3808 1317 3876 401
1336 3833 1408 3879 una

236 3936 317 3980 cum
355 3914 432 3980 aliis
466 3914 664 3984 reduxerat.
712 3920 804 3983 Nam
831 3919 891 3983 ubi
915 3919 1069 4004 primum
1095 3922 1308 4004 Pergamum
1333 3942 1408 4006 per-

234 4031 417 4102 venerunt,
452 4020 652 4108 Xenophon
688 4022 861 4090 Thibroni
897 4024 1177 4095 Lacedaemonio
1213 4024 1406 4092 exercitum

235 4129 379 4194 tradidit
407 4127 507 4216 (Xen.
530 4129 666 4217 Exped.
689 4126 891 4215 V118,24),
924 4131 982 4217 qui
1012 4152 1090 4196 curn
1122 4131 1261 4217 ephoris
1291 4132 1409 4198 officio

227 4236 326 4301 male
339 4236 442 4322 fungi
456 4237 645 4320 videretur,
663 4237 873 4322 Dercylidae
884 4236 990 4304 cessit
1001 4237 1108 4318 (Hist.
1124 4239 1185 4306 Gr.
1199 4233 1407 4325 1111,7sq.).

235 4342 365 4428 Copiae
389 4341 508 4428 igitur,
532 4365 620 4431 quas
644 4344 852 4428 Dercylidas
876 4344 1037 4426 habehat,
1061 4345 1217 4411 maxima
1241 4366 1285 4411 ex
1309 4355 1408 4432 parte
