3500 5052
746 365 965 434 -67-

376 584 462 651 'Vox
497 580 694 672 ἐπιβάτης
728 586 744 647 Ι
780 579 873 666 3,17
912 582 1093 668 significat
1135 582 1293 666 „adiutor
1329 593 1365 651 et
1400 585 1450 650 vi-

274 689 421 772 carius“‚
455 687 549 755 idem
584 689 678 775 quod
714 687 792 756 aliis
826 687 912 756 locis
948 686 1148 768 ἐπιστολεύς
1176 689 1282 756 valet.
1331 689 1448 774 Quam

274 794 455 862 notionem
485 795 631 862 verbum
666 793 833 886 ἐπιβάτης
866 796 933 862 hac
969 795 1027 863 via
1056 795 1245 883 acceperit:
1283 794 1451 887 ἐπιβάτης

277 901 418 989 proprie
435 900 616 987 significat
631 902 822 986 hominem,
839 902 899 989 qui
912 899 974 969 ἐπί
986 901 1007 973 i.
1019 925 1049 970 e.
1061 912 1200 989 praeter
1216 901 1303 969 alios
1320 923 1449 970 navem

274 1008 442 1090 ascendit,
472 1008 542 1074 alio
566 1017 605 1075 ut
630 1008 744 1075 dicam
769 1009 885 1091 verb0‚
922 1031 981 1076 eos
1005 1009 1168 1077 homines
1193 1009 1304 1092 navis,
1328 1008 1389 1096 qui
1413 1008 1448 1074 iu

275 1137 424 1183 numero
453 1136 574 1182 eorum
604 1136 674 1181 non
704 1116 888 1196 habentur,
925 1117 985 1202 qui
1021 1136 1148 1182 navem
1186 1114 1445 1182 administrant.

277 1222 387 1290 Cuius
409 1221 549 1308 generis
573 1221 736 1289 homiues
760 1231 844 1289 sunt
860 1223 1013 1308 primurn
1038 1222 1124 1288 meri
1150 1232 1309 1290 vectores
1330 1222 1351 1289 i.
1370 1244 1398 1289 e.
1416 1221 1448 1304 ii,

276 1329 337 1416 qui
361 1328 586 1414 negotiorum
615 1328 855 1396 faciendorum
887 1351 993 1398 causa
1022 1351 1114 1397 nave
1149 1329 1338 1412 vehuntur,
1374 1338 1449 1396 tum

278 1436 385 1504 etiam
410 1435 540 1504 milites
558 1435 678 1521 gravis
695 1445 905 1520 armaturae,
930 1438 989 1524 qui
1007 1457 1208 1524 pugnarum
1228 1435 1451 1504 committeu-

276 1543 400 1610 darum
414 1563 520 1610 causa
532 1542 568 1607 in
583 1563 674 1609 nave
687 1553 780 1609 sunt.
806 1543 998 1609 Nonnullis
1011 1543 1221 1630 scriptorum
1232 1543 1449 1609 Graecorum

275 1651 370 1731 locis,
395 1671 439 1715 ex
455 1648 584 1736 quibus
600 1669 709 1715 unum
729 1669 835 1735 supra
854 1648 966 1731 attuli,
984 1647 1144 1715 vocabuli
1163 1646 1330 1738 ἐπιβάτης
1353 1649 1451 1715 notio

275 1756 392 1843 magis
409 1755 555 1822 definita
575 1764 641 1822 est:
667 1753 848 1841 significat
864 1754 958 1821 idem
975 1754 1068 1842 quod
1090 1752 1296 1836 ἐπιστολεύς,
1324 1775 1450 1841 nempe

274 1865 435 1950 legatum
465 1884 527 1928 seu
553 1862 748 1928 adiutorem
779 1869 814 1927 et
838 1861 1019 1929 vicarium.
1073 1863 1166 1928 Nam
1201 1861 1352 1947 legatus,
1388 1862 1446 1947 qui

276 1970 356 2036 duci
381 1969 503 2038 classis
520 1969 661 2036 additus
686 1978 748 2049 est,
773 1969 871 2035 nullo
895 1967 1000 2034 modo
1024 1967 1060 2033 iu
1085 1990 1176 2034 nave
1197 1967 1352 2054 regenda
1377 1989 1452 2034 ver-

276 2087 382 2159 satur,
407 2077 491 2143 dum
517 2076 589 2142 dux
612 2075 688 2163 ipse
713 2086 882 2162 superest.
932 2075 1018 2140 Cum
1045 2075 1080 2140 in
1105 2074 1237 2162 pugnis
1261 2074 1449 2142 navalibus

275 2206 347 2250 non
384 2205 463 2249 raro
488 2183 669 2264 accideret,
710 2192 749 2248 ut
778 2182 851 2248 dux
881 2182 1002 2248 classis
1033 2180 1238 2248 vulneribus
1269 2181 1449 2248 conlectus

211 2280 214 2285 ’
276 2312 421 2356 munere
458 2288 642 2376 fungendo
674 2288 919 2376 prohiberetur
954 2300 1017 2356 aut
1051 2298 1163 2355 morte
1199 2289 1450 2370 absumeretur,

276 2396 430 2464 maxime
447 2397 617 2463 intererat
639 2397 799 2482 legatum
820 2396 857 2462 iu
878 2409 970 2464 'nave
994 2395 1094 2462 ducis
1119 2395 1260 2474 versari,
1289 2403 1329 2460 ut
1353 2395 1450 2476 omni

277 2514 434 2588 tempore
463 2503 499 2568 in
530 2503 605 2570 eius
633 2505 749 2570 locum
780 2503 966 2571 succedere
990 2513 1118 2590 posset.

377 2613 425 2674 lu
451 2611 484 2674 B·
508 2608 707 2689 ἐπιστολεύς
737 2611 983 2690 tantummodo
1011 2611 1229 2677 invenimus:
1265 2612 1314 2678 IV
1339 2609 1449 2692 8,11;

276 2721 308 2785 V
335 2716 362 2799 1,
386 2714 416 2784 5.
441 2712 472 2781 6.
498 2714 726 2781 Memorabile
762 2725 816 2782 est
852 2737 975 2781 vocem
1000 2713 1168 2803 ἐπιβάτης
1194 2717 1216 2782 i.
1233 2724 1272 2784 'e.
1297 2716 1449 2783 vicarius

275 2825 313 2889 in
337 2820 556 2907 Thucydidis
581 2820 707 2887 ultimo
730 2820 820 2887 libro
844 2820 926 2907 legi,
949 2821 1026 2887 loco
1047 2822 1137 2888 VIII
1161 2817 1219 2886 61:
1256 2820 1392 2890 Λέοντά
1415 2848 1450 2889 τι

278 2920 383 3017 άνδρα
401 2927 629 3019 Σπαρτιάτην,
645 2914 681 3006 ὃς
697 2918 896 2996 Ἀντισθένει
912 2924 1273 3016 ἐπιβάτηςξννεξῆάθν.
1284 2928 1309 3016 ι)
1321 2931 1450 2996 Nonne

279 3037 445 3111 facillime
480 3037 516 3102 in
546 3035 749 3123 opinionem
786 3034 993 3099 adducimur
1017 3033 1291 3120 Xenophontem
1328 3057 1369 3100 ea
1406 3035 1450 3101 de

277 3165 393 3226 causa,
413 3143 507 3231 quod
523 3141 744 3226 Thucydidis
761 3161 849 3228 opus
866 3140 1073 3207 continuare
1090 3139 1203 3208 voluit
1220 3139 1334 3228 prima
1350 3150 1451 3227 parte

278 3251 394 3338 operis
407 3249 471 3332 sui,
485 3249 591 3317 etiam
610 3271 635 3322 e,
645 3269 805 3316 sermone
819 3247 894 3316 eius
907 3247 1081 3336 quaedam
1105 3247 1243 3314 rariora.
1259 3246 1451 3334 recepisse?

278 3360 387 3428 Cuius
423 3359 471 3424 rei
501 3358 735 3424 certissimum
762 3366 1019 3442 argumentum·
1051 3356 1084 3421 id
1122 3366 1183 3438 est,
1219 3354 1313 3442 quod
1336 3357 1452 3422 Xeno-

277 3470 373 3550 phon
398 3467 433 3531 in
460 3470 489 3530 A
507 3466 731 3533 notissimum
748 3464 968 3548 Thucydidis
984 3486 1117 3530 morem
1135 3485 1308 3529 annorum
1331 3462 1450 3549 singu·

277 3573 391 3633 lorum
416 3570 697 3636 definiendorum
722 3571 883 3636 imitatus
908 3581 975 3651 est;
1000 3579 1106 3653 atque
1130 3570 1237 3635 etiam
1255 3591 1299 3634 ex
1321 3569 1450 3635 tabulis

278 3674 407 3737 nostris
431 3675 706 3758 Xenophontem
731 3676 768 3739 in
793 3678 822 3738 A
848 3677 994 3742 vocibus
1023 3695 1126 3742 usum
1158 3696 1234 3740 esse
1257 3672 1450 3740 identidem

278 3775 526 3860 intelleximus,
544 3800 634 3864 quae
652 3779 686 3844 in
705 3780 781 3865 ipso
799 3803 903 3866 opere
920 3780 1152 3865 Thucydideo
1170 3780 1321 3847 usitatae
1339 3789 1449 3848 erant.

279 3885 379 3969 Quae
390 3903 391 3910 ¹
404 3905 484 3950 cum
500 3883 551 3950 ita
575 3883 655 3965 sint,
680 3907 797 3952 nonne
815 3909 858 3952 ex
878 3909 920 3953 ea
936 3909 982 3969 re,
998 3887 1091 3973 quod
1109 3887 1310 3973 Xenophon
1327 3892 1449 3954 vocem

277 3990 449 4082 ἐπιβάτης
476 3991 512 4056 in
537 3990 649 4079 prima
678 4001 777 4078 parte
805 3992 921 4079 operis
956 3991 1122 4060 adhibere
1158 4015 1228 4059 uon
1264 3994 1451 4076 dubitavit,

278 4108 402 4184 postea
414 4096 689 4184 diligentissime
699 4099 858 4182 evitavit,
875 4099 976 4165 nobis
989 4099 1155 4184 colligere
1168 4100 1251 4168 licet
1263 4122 1322 4167 eos
1334 4099 1449 4182 libros,

388 4224 412 4308 ¹)
434 4227 482 4287 De
507 4231 658 4288 hocloco
683 4231 821 4290 conteras
845 4218 1099 4300 Schoemannum,
1124 4229 1248 4305 Antiqu.
1273 4229 1324 4287 Gr.
1348 4229 1361 4286 l
1386 4227 1450 4289 294

275 4327 309 4375 et
335 4317 525 4375 Classenium
550 4319 589 4374 ad
612 4317 747 4395 Thucyd.
772 4320 842 4378 VIlI
867 4319 917 4380 61.
