3500 5052
723 419 942 488 ,75-

242 637 342 703 illam
367 646 512 723 partem,
537 637 573 700 iu
599 659 668 722 qua
684 636 845 724 scriptor
858 657 961 704 voces
979 637 1172 708 Laconicas
1189 636 1252 723 pro
1270 638 1415 706 vocibus

242 743 399 810 aliar'urii'
418 743 578 829 gentium
603 742 796 825 substituit,
820 743 889 809 alio
907 752 1064 829 tempore
1081 742 1313 830 conscriptam
1339 766 1415 810 esse

242 859 349 935 atque
374 871 451 916 earn
477 857 622 936 partem,
658 849 694 914 in·
719 871 788 936 qua
811 849 903 915 illud·
923 850 1054 916 lactum
1081 871 1156 915 esse
1181 848 1414 917 demonstrari

244 957 375 1042 nequit.
1284 1031 1286 1036 ,

357 1067 431 1130 lam
458 1075 598 1130 transeo
622 1065 664 1129 ad
691 1064 852 1150 singulas
870 1087 974 1130 voces
992 1065 1193 1131 tractandas
1210 1075 1245 1130 et
1262 1065 1414 1150 primum

243 1173 386 1258 quidem
416 1172 460 1237 de
485 1170 627 1237 nomine
652 1169 809 1258 ναύαρχος
833 1170 956 1237 dicam.
1006 1169 1170 1236 Dubitari
1195 1193 1265 1236 non
1290 1179 1416 1257 potest,

244 1277 330 1364 quin
353 1275 510 1366 ναῦαρχος
526 1299 640 1364 neque
657 1277 750 1364 apud
770 1277 1003 1344 Athenienses
1015 1277 1052 1342 in
1067 1299 1135 1343 usu
1153 1275 1295 1364 publico
1310 1277 1416 1343 luerit

244 1393 279 1450 et
313 1385 406 1472 apud
437 1383 734 1466 Lacedaemonios
769 1406 896 1450 nomen
931 1383 1111 1470 publicum
1141 1384 1239 1451 ducis
1269 1383 1415 1452 navium

242 1491 357 1558 luerit.
407 1495 455 1556 Ac
484 1513 520 1556 re
550 1514 632 1558 vera
662 1491 697 1555 in
728 1494 755 1554 n
787 1491 950 1557 omnibns
980 1491 1074 1576 loeis
1104 1491 1232 1578 quibus
1261 1491 1321 1557 illa
1346 1514 1415 1558 vox

242 1597 432 1681 invenitur,
462 1598 505 1662 de
534 1596 738 1662 hominibus
767 1596 1056 1664 Lacedaemoniis
1084 1599 1231 1685 scriptor
1259 1598 1416 1684 loquitur

243 1705 300 1790 bis
324 1703 463 1788 duobus
486 1702 656 1789 exceptis:
680 1700 742 1786 16,
759 1701 811 1785 29,
831 1703 890 1768 ubi
907 1703 1104 1790 exponitur,
1129 1704 1306 1790 quomodo
1323 1706 1414 1770 acics

243 1810 514 1892 Atheniensium
541 1819 623 1877 ante
647 1832 804 1897 pugnam
830 1811 924 1896 apud
945 1811 1143 1896 Arginusas
1167 1811 1301 1878 insulas
1326 1833 1415 1877 com-

243 1917 387 1984 missam
413 1917 585 1984 iustrncta
610 1917 723 2001 luerit,
747 1917 915 2003 legimus:
943 1969 949 1981 .
970 1973 975 1984 .
996 1972 1001 1983 .
1022 1968 1027 1980 .
1047 1972 1053 1983 .
1072 1915 1221 2002 ἐχόμεναι
1247 1918 1283 1985 δὲ
1299 1915 1333 1985 αἱ
1351 1924 1416 1984 τῶν

244 2022 426 2112 ταξιάρχων
450 2024 530 2092 δέκα
547 2031 606 2110 (sc.
625 2027 721 2112 νῆες),
746 2025 798 2091 καὶ
824 2013 920 2090 niani
945 2023 1002 2090 ἐπὶ
1027 2029 1130 2108 μιᾶς·
1154 2024 1213 2090 ἐπὶ
1231 2025 1267 2092 δὲ
1282 2024 1417 2105 ταύταις

243 2128 277 2196 αἱ
313 2135 376 2196 τῶν
406 2125 574 2218 ναυάρχων
603 2139 688 2218 τρεῖς
716 2130 771 2197 καὶ
802 2128 836 2196 ei'
862 2155 942 2208 τινες
971 2118 1065 2196 {illm
1098 2122 1178 2212 dona
1206 2132 1413 2217 συμμαχίδες.

245 2239 285 2302 In
329 2239 537 2322 insequente
578 2237 691 2324 capite
732 2233 821 2318 §30
860 2237 902 2301 de
942 2237 1065 2302 iisdem
1099 2238 1249 2304 navibus
1289 2238 1416 2306 dicitur

242 2340 302 2424 τὰς
328 2350 390 2410 τῶν
415 2342 582 2432 ναυάρχων
600 2353 695 2435 τρεῖς.
745 2344 837 2428 Quid
862 2344 917 2410 his
942 2345 1027 2412 locis
1052 2345 1116 2410 sibi
1142 2347 1267 2412 volunt
1292 2343 1321 2412 oi
1342 2345 1415 2414 ναί-

244 2453 361 2539 αρχοιῖ
408 2453 461 2517 De
486 2453 658 2519 vocabulo
683 2452 760 2539 ipso
784 2451 958 2519 dubitatio
976 2453 1072 2519 nulla
1090 2475 1166 2520 esse
1182 2463 1308 2541 potest,
1334 2477 1413 2522 cum

243 2557 370 2624 mirum
402 2559 437 2622 in
468 2559 610 2624 modum
641 2559 779 2625 duobus
809 2560 893 2626 locis
923 2583 1095 2627 consensu
1126 2561 1283 2628 omnium
1314 2563 1415 2629 libro·-

242 2686 321 2730 rum
346 2665 666 2750 manuscriptorum
692 2663 849 2752 ναύαρχος
872 2667 1040 2732 traditum
1058 2668 1113 2732 sit.
1162 2667 1288 2734 Conari
1305 2671 1416 2754 igitur

243 2771 412 2837 debemus
437 2791 486 2853 ea,
511 2787 601 2855 quae
626 2769 754 2835 tradita
777 2779 869 2851 sunt,
894 2770 1125 2856 interpretari.
1173 2775 1253 2838 Hoc
1269 2774 1416 2841 certissi-

243 2898 340 2943 mum
356 2887 418 2951 est,
442 2876 512 2941 illis
535 2877 621 2941 locis
640 2897 760 2942 vocem
778 2873 928 2963 ναύαρχοι
947 2875 980 2939 id
999 2876 1199 2962 significare
1216 2901 1285 2944 non
1304 2903 1415 2967 posse,

243 2986 335 3070 quod
367 2985 463 3051 valet
491 2985 584 3070 apud
616 2981 922 3065 Lacedaemonios,
954 3003 1133 3066 „summus
1162 2985 1234 3049 dux
1263 2987 1414 3070 classis“,

243 3091 395 3176 primum
422 3090 562 3176 quidem
589 3113 628 3155 ea
646 3089 688 3153 de
706 3110 818 3171 causa,
843 3090 936 3174 qnod
953 3089 1100 3176 scriptor
1116 3091 1160 3157 de
1177 3094 1414 3178 compluribus

244 3195 414 3285 ναυάρχοις
437 3197 530 3279 dicit,
557 3208 630 3263 tum
657 3196 750 3282 quod
776 3205 915 3261 constat
931 3196 1023 3282 apud
1042 3196 1276 3264 Athenienses
1293 3199 1411 3266 decem

243 3312 421 3390 praetores
451 3303 658 3395 (orpornyor)
682 3304 783 3368 classi
809 3325 947 3390 quoque
971 3304 1179 3390 praefuisse;
1205 3329 1248 3371 ex
1273 3305 1412 3372 illorum

245 3433 392 3478 numero
418 3415 433 3476 Ι
459 3408 487 3494 6,
505 3408 547 3477 29
565 3410 696 3498 singuli
714 3411 820 3477 duces
837 3409 1047 3478 nominatim
1065 3412 1288 3499 appellantur
1304 3416 1416 3480 locus-

243 3542 311 3603 que
336 3519 520 3604 indicatur‚
546 3543 647 3605 quem
675 3521 822 3607 quisque
847 3521 1016 3590 obtineat;
1044 3521 1270 3586 nominantur
1294 3533 1412 3587 autern

243 3625 351 3686 duces
380 3645 527 3688 numero
557 3636 645 3691 octo.
695 3629 819 3710 ltaque
848 3627 991 3691 omnino
1020 3628 1094 3692 lieri
1125 3651 1194 3692 non
1220 3640 1344 3713 potest,
1374 3641 1414 3696 ut

244 3725 322 3787 illos
349 3724 530 3812 ναυάρχους,
557 3729 685 3813 quibus
711 3741 779 3793 tres
804 3735 909 3796 modo
926 3754 1035 3797 naves
1053 3744 1160 3816 erant,
1185 3734 1290 3799 duces
1308 3736 1414 3800 Athe-

243 3826 418 3894 niensium
444 3829 723 3915 interpretemur.
773 3839 826 3900 Ne
851 3837 1043 3902 editoribus
1068 3837 1210 3926 quidem
1233 3840 1413 3908 Historiae

244 3935 402 4000 Graecae
431 3945 578 4019 constat,
613 3939 787 4022 quomodo
812 3941 861 4005 illi
887 3942 952 4006 loci
977 3943 1230 4029 interpretandi
1254 3947 1340 4025 sint;
1369 3973 1413 4014 ex

243 4057 364 4107 eorum
397 4063 543 4108 numero
573 4045 612 4114 L.
632 4043 939 4112 Brciteubachium
968 4049 1085 4130 affero,
1114 4051 1174 4134 qui
1203 4052 1246 4118 ad
1277 4056 1292 4116 Ι
1317 4051 1346 4137 6,
1370 4053 1415 4120 29

242 4149 330 4214 haee
354 4149 513 4216 adnotat:
547 4156 630 4234 „nin
654 4147 834 4237 ναυάρχων]
860 4153 929 4234 Qui
955 4154 1025 4219 sint
1049 4155 1105 4220 hic
1130 4168 1164 4222 et
1190 4155 1251 4242 17,
1268 4157 1318 4243 30,
1343 4184 1416 4226 anr-

242 4255 478 4339 biguumest'.
498 4257 535 4326 L.
556 4257 744 4324 Herbstius
766 4259 823 4345 (D.
846 4259 938 4326 Sclrl.
961 4261 1042 4328 bd.
1061 4264 1144 4350 Arg.
1168 4286 1200 4350 p.
1223 4261 1280 4352 30)
1305 4267 1410 4333 trium

242 4360 388 4427 navium
419 4361 637 4447 publicarum
668 4366 774 4431 duces
804 4387 880 4433 esse
909 4377 1019 4454 putat,
1047 4373 1116 4445 non
1147 4370 1337 4457 respiciens
1360 4374 1411 4440 VI
