3500 5052
640 445 839 514 ..3-

147 660 288 748 optime
311 659 442 746 viginti
466 669 502 728 et
517 661 611 747 quod
629 661 769 728 excedit
788 659 891 728 annis
907 670 989 747 post
1004 681 1078 728 rem
1093 660 1208 748 ipsam
1225 661 1329 728 scribi

157 766 327 855 potuisse;
363 766 639 854 Xenophontem
669 767 708 832 in
737 766 897 834 Historia
920 767 1058 834 Graeca
1087 767 1330 854 componenda

154 872 408 960 ¹longissimum
433 882 572 960 tempus
593 882 773 942 versatum
791 894 881 956 esse3
905 871 1072 940 facillime
1095 872 1252 940 accidere
1272 894 1332 961 po·

157 979 277 1062 tuisse,
301 971 342 1046 ut
365 1001 446 1046 cum
470 981 515 1046 ad
537 979 796 1068 expeditionem
814 1002 835 1046 a
852 978 943 1065 Cyro
955 979 1085 1048 factam
1100 979 1138 1045 in
1155 981 1331 1047 narrando

148 1085 319 1169 venisset,
343 1097 634 1170 commoveretur,
658 1096 699 1153 ut
721 1107 777 1154 res
801 1095 921 1172 gestas
944 1087 1193 1173 fortunamque
1208 1086 1331 1154 decem

151 1192 291 1260 milium
317 1193 561 1260 conscriberet.
609 1193 714 1277 Quod
738 1213 827 1279 opus
843 1191 946 1260 facile
964 1192 1045 1278 Cyri
1061 1191 1330 1274 Institutionem

149 1298 252 1386 sequi
277 1299 443 1386 potuisse,
468 1320 548 1365 cum
573 1299 610 1364 in
633 1298 695 1365 illo
718 1298 971 1366 conscribendo
987 1299 1188 1385 Xenophon
1213 1319 1254 1364 eo
1271 1299 1332 1366 ads

146 1406 283 1473 ductus
300 1414 400 1487 esset,
424 1414 465 1472 ut
481 1405 611 1490 Cyrum
628 1405 803 1493 optimum
821 1414 858 1472 et
868 1404 1102 1473 fortissimum
1120 1405 1235 1472 virum
1253 1427 1330 1472 esse

146 1521 189 1578 -et
209 1513 246 1578 in
271 1535 312 1579 eo
328 1533 451 1578 omnes
467 1511 635 1599 principis
651 1511 801 1578 virtutes
817 1510 932 1579 inesse
948 1532 1157 1599 persuasum
1175 1511 1330 1579 haberet.

261 1619 400 1685 Deinde
424 1619 463 1686 F.
482 1618 738 1686 Delbrueckius
759 1618 796 1684 in
812 1619 912 1703 libro,
937 1640 1042 1706 quem
1059 1640 1165 1707 supra
1182 1640 1333 1686 commo

151 1727 302 1808 moravi,
331 1734 442 1811 negat
469 1726 744 1812 Xenophontem
774 1747 894 1792 senem
923 1725 1107 1793 materiam
1132 1747 1248 1792 rernm
1273 1747 1332 1812 ge·

147 1839 290 1897 starum
312 1831 643 1897 conscribendarum
661 1831 846 1917 collegisse
862 1841 926 1899 aut
940 1853 1061 1900 senem
1077 1853 1134 1899 res
1149 1841 1270 1918 gestas
1287 1853 1332 1898 ex

151 1936 304 2004 materia
321 1946 426 2003 antea
443 1937 588 2003 collecta
605 1937 856 2024 composuisse.
897 1939 951 2005 Ab
967 1940 1078 2005 altera
1093 1947 1212 2005 autem
1229 1947 1330 2025 parte

150 2044 354 2130 cavendum
380 2065 464 2125 esse,
487 2065 532 2109 ne
557 2044 740 2111 credamus
764 2044 1039 2132 Xenophontem
1064 2045 1169 2112 modo
1186 2066 1230 2110 ex
1246 2045 1331 2111 Asia

148 2171 337 2219 reversum
362 2150 492 2217 librum
516 2150 709 2238 scripsisse.
756 2151 955 2220 Verisimile
980 2173 1057 2219 esse
1078 2173 1159 2218 eum
1178 2151 1331 2237 Expedi·

147 2256 251 2323 tione
276 2257 356 2342 Cyri
382 2258 541 2324 confecta
565 2258 609 2323 ab
633 2280 728 2326 anno
744 2257 913 2326 vicesimo
929 2257 1044 2346 primo
1060 2258 1143 2325 belli
1162 2259 1332 2346 Pelopon·

150 2363 285 2430 nesiaci
308 2385 364 2430 res
382 2373 501 2450 gestas
525 2386 596 2431 uno
614 2375 737 2432 tenore
753 2365 797 2432 ad
814 2386 919 2432 suum
937 2373 1078 2451 tempus
1095 2364 1332 2452 descripsisse,

146 2470 282 2537 deinde
306 2471 342 2536 in
368 2471 620 2539 conscribendo
648 2495 703 2539 res
727 2481 861 2558 gestae,
885 2471 976 2538 sicut
1000 2471 1211 2550 evenissent,
1235 2493 1332 2538 secu·

150 2589 231 2645 tum
256 2599 341 2644 esse.

261 2683 406 2752 Tertius
432 2688 474 2753 A.
498 2685 641 2773 Lipsius
669 2685 756 2751 haec
786 2686 857 2751 fere
881 2685 1031 2766 sentit.¹)
1081 2683 1331 2771 Xenophontis

154 2813 248 2878 opus
282 2791 460 2860 Historias
500 2791 676 2860 nominari
711 2813 781 2858 non
818 2813 936 2878 posse3
972 2791 1142 2877 scriptum
1176 2790 1212 2855 id
1245 2812 1331 2873 esse,

145 2899 251 2984 quod
275 2921 331 2965 res
356 2907 476 2986 gestas
501 2899 679 2965 contineat
703 2919 748 2964 ex
763 2897 934 2964 memoria
950 2906 1108 2963 narratas
1125 2916 1146 2962 a
1162 2895 1248 2979 vir0,
1269 2895 1330 2982 qui

152 3004 399 3090 longissimam
428 3027 490 3091 per
518 3004 629 3071 vitam
658 3003 811 3090 plurima
839 3002 968 3070 viderit
997 3010 1032 3068 et
1056 3002 1249 3080 audiverit;
1285 3003 1330 3070 ab

148 3110 221 3175 hac
256 3110 368 3195 igitur
401 3120 502 3196 parte
537 3131 625 3196 opus
656 3109 959 3196 Xenophonteum
988 3107 1258 3195 inspicientibus
1292 3109 1329 3176 id

149 3214 274 3282 mirari
298 3238 370 3282 non
393 3216 507 3300 licere,
532 3215 624 3303 quod
649 3225 772 3284 auctor
795 3215 833 3282 in
856 3216 961 3283 rebus
982 3215 1167 3283 narrandis
1180 3225 1216 3282 et
1233 3216 1332 3303 dige-

144 3323 274 3389 rendis
300 3332 399 3390 tanta
422 3323 585 3391 libertate
607 3323 820 3411 proprioque
843 3321 989 3390 arbitrio
1007 3344 1092 3390 usus
1116 3323 1173 3391 sit.
1221 3323 1333 3390 Maxi-

145 3450 248 3495 mam
273 3431 370 3495 illam
397 3429 646 3514 diversitatem,
671 3450 776 3517 quam
801 3429 838 3497 in
863 3452 993 3518 genere
1014 3431 1180 3498 narrandi
1196 3430 1331 3498 intelle·

153 3557 294 3622 gamus,
325 3558 369 3602 ex
398 3559 439 3602 ea
462 3559 499 3603 re
527 3545 640 3603 ortam
666 3557 751 3621 esse,
778 3537 870 3624 qnod
896 3536 1045 3624 scriptor
1068 3559 1138 3604 non
1164 3537 1331 3604 omnibus

146 3642 261 3709 rebus
297 3643 408 3730 gestis
443 3642 660 3710 interfuisset
694 3665 809 3730 neque
845 3666 967 3712 omnes
1002 3645 1033 3710 ei
1066 3645 1189 3711 eodem
1225 3645 1332 3711 modo
1400 3661 1402 3666 ’

146 3770 259 3815 curae
286 3748 447 3818 fuissent.
493 3748 552 3818 Sic
581 3771 632 3833 ea,
668 3771 758 3835 quae
785 3750 822 3815 in
850 3750 988 3817 duobus
1023 3750 1197 3838 prioribus
1231 3750 1331 3818 libris

151 3855 275 3941 insint,
298 3855 506 3922 brevissime
530 3877 610 3922 eum
628 3864 787 3941 tractare,
811 3857 904 3943 quod
925 3879 980 3924 res
996 3857 1066 3924 illis
1082 3857 1185 3924 annis
1203 3866 1329 3945 gestae

147 3961 372 4029 ¹incuriosum
397 3983 478 4028 eum
503 3960 756 4050 praeterierint,
780 3962 863 4050 quia
886 3972 962 4030 tum
987 3963 1077 4030 nihil
1100 3963 1169 4031 nisi
1185 3986 1332 4032 consue·

146 4069 242 4134 tudo
266 4090 346 4135 cum
370 4068 515 4136 Socrate
530 4067 653 4136 habita
669 4069 829 4161 animum
847 4069 923 4137 eius
940 4071 1107 4158 expleret.
1154 4071 1330 4138 Accedere

270 4305 289 4381 ¹)
313 4297 398 4364 Uber
421 4309 480 4364 den
497 4306 711 4364 einbeitlichen
728 4307 894 4366 Charakter
910 4310 964 4366 der
980 4308 1141 4366 Hellenica
1157 4308 1212 4366 des
1227 4307 1331 4366 Xeno·

153 4396 247 4469 phon.
295 4395 390 4468 Progr.
414 4395 558 4470 gymnasii
580 4394 795 4454 Luckaviensis
822 4395 915 4455 1857.
