3500 5052
686 427 908 496 ..15-

213 646 380 734 quamvis
414 655 509 714 totus
542 643 797 712 sententiarum
831 664 988 710 conexus
1021 642 1101 710 talis
1130 642 1185 727 sit,
1214 651 1255 710 ut
1285 643 1391 729 parti-

215 753 375 820 cularum
400 751 685 819 coniunctionem
704 741 791 818 d‘oiv
807 772 848 816 ea
864 749 1018 834 notione,
1041 770 1149 836 quam
1169 751 1390 838 Hartmanus

215 858 309 943 dicit,
345 881 489 949 prorsus
517 857 669 945 flagitet,
699 879 771 923 non
799 846 895 940 ὁόὗν,
919 856 980 923 sed
1004 855 1102 922 aliud
1127 854 1211 942 quid
1234 854 1386 942 scripsit.

215 965 422 1033 HistGr.1
446 965 476 1048 6,
500 963 533 1030 5:
563 964 638 1050 ἐμοὶ
653 961 714 1050 μὲν
729 953 824 1051 ripaei
847 959 934 1031 οἴκοι
953 961 1071 1047 μένειν,
1096 961 1152 1028 καὶ
1168 958 1235 1029 εἴτε
1253 958 1391 1029 Λύσαν-

213 1075 293 1159 δρος
308 1069 374 1138 εἴτε
390 1060 489 1150 ἄλλος
503 1097 555 1150 τις
566 1066 805 1159 ἑμπειρόψερος
818 1068 899 1157 περὶ
914 1065 957 1136 τὰ
970 1062 1108 1136 ναυτικὰ
1120 1065 1276 1154 βούλεται
1291 1061 1390 1150 εἶναι,

215 1168 253 1245 οὗ
281 1175 398 1244 κωλύω
426 1173 464 1244 τὸ
488 1167 560 1245 κατ)
585 1177 663 1262 ἐμέ·
688 1169 757 1266 ἐγώ,
778 1167 880 1244 δ’ὗπὸ
904 1173 1122 1266 tripudiante
1145 1170 1291 1256 ἔπὶτᾶς
1314 1180 1391 1254 ναῦς

216 1284 391 1375 πεμφθεὶς
417 1274 476 1352 οὔκ
503 1282 567 1370 ἔχω
595 1283 630 1352 τί
653 1271 733 1352 ἄλλο
759 1288 852 1352 ποιῶ
879 1278 900 1372 ἢ
923 1276 966 1350 roi
989 1281 1188 1368 κελευόμενα
1213 1332 1221 1348 .
1245 1329 1252 1346 .
1277 1334 1285 1350 .
1310 1281 1391 1366 Quo

215 1393 293 1458 loco
310 1400 406 1459 totus
423 1413 579 1459 conexus
596 1401 631 1460 et
647 1392 905 1459 sententiarum
922 1390 1126 1457 consecutio
1142 1390 1248 1476 plane
1266 1388 1389 1454 eadem

216 1509 281 1582 est,
310 1520 400 1585 quae
427 1497 472 1564 iis
496 1498 745 1586 Expeditionis
769 1498 865 1582 locis,
894 1519 983 1585 quos
1008 1499 1230 1564 Hartmanus
1254 1494 1391 1563 attulit:

216 1605 314 1690 ,sive
343 1607 527 1690 Lysander
555 1605 631 1672 sive
660 1605 751 1672 alius
779 1606 830 1672 rei
860 1604 998 1672 navalis
1026 1603 1172 1690 peritior
1201 1624 1277 1669 esse
1305 1602 1392 1685 vult,

122 1695 127 1706 ’
216 1732 288 1777 non
320 1711 491 1798 impedio;
526 1721 719 1798 utcumque
751 1710 788 1776 id
819 1733 857 1776 se
885 1711 1003 1793 habet,
1032 1709 1154 1796 utique
1183 1709 1251 1775 hoc
1280 1729 1392 1774 unum

214 1817 452 1913 certissimum
487 1827 542 1884 est
568 1839 626 1884 me
660 1838 680 1883 a
709 1816 854 1884 civitate
882 1816 1032 1882 missum
1062 1817 1169 1882 esse.“
1218 1814 1318 1900 Ergo
1346 1835 1391 1880 ex

216 1925 284 1991 hoc
312 1945 450 2011 quoque
478 1924 555 1990 loco
583 1925 663 1990 luce
691 1923 820 1991 clarius
850 1931 997 2011 apparet
1024 1922 1168 1989 omuino
1198 1943 1269 1988 non
1293 1943 1314 1988 a
1337 1943 1391 1987 co·

216 2053 311 2098 nexu
341 2031 559 2118 pependisse,
590 2041 709 2099 utrum
733 2032 935 2118 Xenophon
964 2019 1052 2098 ‹l'oiv
1081 2028 1248 2096 adhibere
1272 2037 1393 2114 posset

215 2160 339 2222 necne3
364 2160 447 2206 nam
471 2138 666 2205 secundum
691 2160 796 2205 usum
819 2137 1054 2226 posteriorum
1070 2136 1239 2202 librorum
1258 2134 1392 2221 optime

216 2246 277 2311 illo
300 2246 378 2312 loco
403 2246 555 2312 scribere
577 2244 708 2332 potuit:
732 2241 798 2312 εἴτε
814 2241 1023 2332 Λύσανδρος,
1047 2240 1111 2310 εἴτε
1134 2230 1236 2322 ἄλλος
1257 2266 1312 2321 τις
1334 2240 1393 2326 ἑμ-

214 2349 408 2439 πειρότερος
425 2401 432 2418 .
451 2405 458 2420 .
476 2403 484 2420 .
507 2351 661 2437 βούλεται
678 2345 771 2435 εἶναι,
790 2341 828 2418 οὗ
844 2348 960 2418 κωλύω
977 2343 1015 2416 τὸ
1032 2341 1104 2418 κατ’
1117 2350 1196 2434 ἐμέ·
1220 2343 1286 2440 ἐγώ
1302 2338 1391 2415 δὀὗν

215 2450 286 2526 ὑπὸ
308 2464 369 2548 τῆς
391 2457 525 2539 πόλεως
549 2459 755 2548 πεμφθεὶς.
780 2511 788 2524 .
814 2513 821 2526 .

324 2565 382 2648 Iis,
406 2588 496 2653 quae
519 2566 563 2632 de
585 2566 838 2652 particularum
863 2565 1112 2633 coniunctione
1136 2554 1223 2632 d'oiv
1244 2563 1392 2649 eiusque

217 2692 285 2736 usu
318 2672 417 2756 dixit,
451 2673 623 2739 absolutis
658 2675 880 2740 Hartmanus
915 2672 1065 2738 similem
1095 2693 1168 2738 rem
1199 2690 1392 2757 aggressus

216 2777 461 2846 demonstrare
476 2780 596 2846 studet
611 2801 656 2846 ne
671 2779 710 2844 in
720 2779 893 2866 particula
908 2777 975 2868 μήν
991 2778 1143 2866 quidem,
1160 2798 1265 2864 quam
1278 2776 1392 2842 multo

217 2883 359 2970 saepius
389 2885 463 2971 legi
496 2885 590 2952 inter
624 2907 748 2952 omnes
781 2895 929 2969 constat,
963 2885 1125 2971 scriptori
1148 2881 1324 2969 permitti,
1353 2891 1393 2946 ut

217 2989 402 3056 arbitrium
431 3013 472 3058 ac
500 2992 722 3058 voluntatem
753 2972 1062 3078 suam'sequatur.
1108 2992 1226 3075 Quam
1251 2988 1293 3055 ad
1318 3009 1392 3054 rem

217 3117 341 3162 omnes
370 3096 618 3184 Expeditionis
645 3099 750 3183 locos,
784 3097 911 3185 quibus
938 3095 1005 3189 μήν
1033 3097 1189 3184 positum
1218 3105 1281 3180 est,
1313 3116 1394 3162 exa·

217 3201 333 3269 minat
356 3213 392 3270 et
411 3203 449 3292 in
469 3203 622 3290 singulis
639 3226 783 3291 operam
799 3206 870 3288 dat,
896 3215 936 3272 ut
952 3204 1147 3292 particulae
1161 3201 1228 3290 μήν
1244 3202 1394 3270 certissi-

150 3353 155 3368 -
217 3330 379 3400 mamae
401 3309 615 3397 peculiarem
640 3311 714 3377 vim
739 3312 918 3396 attribuat,
943 3312 1036 3379 unde
1053 3311 1261 3379 ostendatur
1275 3313 1394 3376 Xeno·

217 3415 388 3502 phontem
404 3437 511 3483 sensu
528 3425 565 3482 et
584 3438 720 3483 conexu
738 3419 994 3486 sententiarum
1012 3429 1172 3486 coactum
1189 3418 1304 3484 lacere
1319 3439 1391 3483 non

217 3522 383 3609 potuisse,
408 3522 492 3608 quin
517 3524 726 3610 particulam
750 3522 815 3614 μήν
837 3536 1032 3612 usurparet.
1080 3525 1319 3612 Conspicuum
1339 3534 1393 3592 est

218 3650 282 3695 nos
310 3629 389 3696 illos
416 3631 513 3696 locos
542 3651 665 3697 omnes
688 3631 833 3697 uberius
857 3641 1101 3699 tractarenon
1125 3653 1243 3719 posse;
1267 3631 1328 3721 sed
1352 3639 1393 3696 ut

218 3736 340 3802 lectori
364 3736 517 3823 speciem
542 3738 668 3803 saltem
692 3739 888 3824 praebeam,
917 3760 986 3825 qua
1010 3739 1145 3806 ratione
1170 3740 1392 3804 Hartmanus

218 3843 256 3907 in
281 3863 322 3908 ea
346 3864 383 3908 re
408 3864 493 3910 usus
516 3843 571 3922 sit,
595 3843 803 3910 brevissime
827 3845 965 3928 addam,
989 3845 1118 3931 quibus
1143 3844 1298 3911 maxime
1314 3865 1394 3910 cau·

216 3948 268 4015 sis
285 3959 500 4017 commotum
513 3952 788 4037 Xenophontem
801 3948 867 4040 μήν
878 3951 1038 4038 posuisse
1052 3954 1274 4018 Hartmanus
1287 3951 1392 4018 dicat.

325 4055 357 4124 1.
384 4053 448 4141 19,
463 4053 517 4124 16.
545 4057 595 4124 18.
611 4053 656 4122 20
677 4053 743 4146 μήν
769 4067 967 4145 usurpatur,
996 4068 1037 4126 ut
1065 4057 1235 4126 transitus
1263 4060 1307 4124 ad
1332 4080 1392 4124 no-

219 4185 305 4230 vum
323 4165 500 4251 quoddam
508 4174 761 4250 argumentum
772 4164 1126 4253 liat(scil.inmorum
1137 4164 1392 4252 descriptione).

327 4268 358 4337 2.
383 4267 534 4355 115‚11.
559 4268 731 4356 1112,16.
755 4275 825 4341 VII
851 4269 880 4356 7,
897 4271 937 4338 51
964 4283 1030 4342 etc.
1048 4282 1113 4340 etc.
1137 4271 1202 4362 μήν
1227 4282 1265 4338 at
1288 4292 1393 4356 argu·

216 4387 339 4462 menta
364 4378 579 4445 conecteuda
604 4389 813 4466 usurpatum
838 4390 901 4447 est.
