3500 5052
815 375 1033 442 -γρ-

343 589 373 674 2,
400 588 448 674 14,
484 592 576 658 unde
611 590 804 658 certissime
834 590 1084 678 colligendum,
1117 601 1257 680 praeter
1288 593 1448 660 Paralum
1484 604 1520 659 et

345 697 574 764 Salaminiam
601 719 694 764 anno
719 708 812 764 certe
837 692 901 762 373
927 697 1066 764 tertiam
1093 720 1219 765 navem
1238 699 1416 785 publicam
1436 723 1519 766 nou-

343 804 425 870 dum
458 804 625 871 habuisse
649 803 915 872 Athenienses.“
966 805 1044 872 Alia
1078 827 1192 888 causa,
1225 827 1287 872 cur
1324 805 1410 872 illud
1442 831 1518 873 ver-

344 913 427 976 bum
454 911 682 978 difficultates
706 911 807 978 nobis
831 922 940 998 paret,
964 913 1000 976 iu
1026 934 1066 978 eo
1090 911 1206 999 posita
1224 923 1286 994 est,
1312 915 1405 1000 quod
1423 916 1516 1001 apud

343 1018 580 1084 Athenienses
604 1019 755 1104 singulis
780 1019 930 1085 navibus
954 1017 1144 1107 τριήραρχοι
1169 1029 1369 1105 praeerant:
1395 1043 1463 1108 qna
1480 1044 1517 1086 re

343 1126 542 1212 Xenophon
569 1138 766 1193 commotus
792 1126 846 1209 sit,
872 1137 911 1192 ut
934 1127 1029 1213 ipsos
1051 1126 1129 1192 illos
1148 1124 1359 1218 τριηράρχοις
1376 1128 1517 1193 nomine

346 1233 511 1323 νανάρχιον
545 1236 747 1323 appellaret,
781 1235 882 1300 nobis
906 1234 1010 1320 plane
1036 1236 1222 1300 obscurum
1249 1247 1311 1302 est.
1365 1236 1518 1324 Quoquo

344 1343 448 1408 modo
472 1365 527 1407 res
552 1365 589 1408 se
605 1343 721 1424 habet,
745 1341 781 1407 id
806 1362 915 1407 unum
934 1341 1127 1407 certissime
1146 1364 1200 1408 me
1218 1343 1517 1410 demonstravisse

344 1471 454 1536 spem,
484 1449 621 1515 duobus
645 1448 714 1514 illis
746 1447 831 1514 locis
860 1470 982 1514 vocem
1020 1446 1173 1535 ναύαρχοι
1212 1450 1308 1515 nullo
1343 1450 1445 1515 modo
1480 1450 1514 1513 id

343 1540 473 1639 valere,¹
496 1556 588 1643 quod
615 1579 684 1622 vox
708 1553 864 1641 ναί-αρχος
887 1555 929 1622 ad
954 1556 1253 1626 Lacedaemonios
1279 1558 1388 1622 relata
1414 1558 1516 1639 ualet,

343 1686 469 1751 nempe
499 1685 676 1730 summum
708 1663 827 1728 classis
857 1663 994 1730 ducem.
1044 1663 1142 1749 Ergo
1167 1663 1254 1729 nihil
1280 1664 1406 1746 obstat,
1432 1663 1515 1749 quin

343 1773 457 1837 dicam
482 1771 756 1857 Xenophontem
786 1770 821 1834 in
850 1770 875 1832 Α
909 1793 1029 1837 vocem
1056 1768 1213 1859 ναύαρχος
1236 1771 1257 1836 i.
1281 1795 1308 1836 e.
1338 1791 1517 1852 „summus

344 1880 465 1944 classis
489 1878 581 1943 dux“
610 1877 749 1942 nonnisi
774 1879 817 1943 ad
844 1877 1143 1948 Lacedaemonios
1167 1877 1353 1944 rettulisse.

456 1989 496 2049 Iu
529 1989 554 2050 B
584 2007 705 2050 omnes
734 1982 886 2070 ναύαρχοι
915 1985 1184 2056 Lacedaemonii
1215 1994 1298 2051 suut
1324 1985 1435 2050 tribus
1460 2009 1518 2050 cx-

344 2093 465 2180 ceptis.
517 2093 671 2158 Primum
698 2093 951 2179 disputandum
978 2103 1031 2158 est
1055 2093 1098 2157 de
1123 2093 1199 2158 loco
1224 2094 1275 2157 IV
1300 2089 1330 2172 3,
1356 2089 1410 2158 11:
1435 2085 1515 2159 εἶναι

343 2201 404 2285 μὲν
427 2196 489 2289 γάρ
520 2200 599 2285 ττερὶ
625 2199 746 2266 Κνίδον
772 2193 827 2266 τὸν
850 2198 1019 2266 ἐπίπλοον
1044 2190 1210 2288 (fifhidam,
1242 2196 1457 2287 Φαρνάβαζον
1481 2200 1517 2266 dd

345 2312 501 2398 ναύαρχον
526 2295 604 2374 ὅντα
626 2308 681 2374 σὺν
702 2317 771 2386 ταῖς
787 2308 980 2386 Φοινίσσαις
997 2299 1090 2389 εἶναι,
1111 2303 1249 2374 Κόνωνα
1266 2307 1302 2373 δὲ
1317 2300 1356 2372 τὸ
1373 2298 1518 2397 Ἑλληνι-

343 2409 402 2480 κὸν
429 2414 545 2498 ἔχοντα
573 2413 734 2498 τετάχθαι
767 2403 963 2500 ἔμπροσθεν
992 2404 1101 2480 αἰτοῖ.
1155 2416 1233 2478 Hoc
1260 2414 1338 2479 loco
1369 2415 1515 2502 scriptor

344 2521 551 2588 brevissime
585 2531 619 2586 et
650 2542 713 2607 per
744 2521 937 2586 orationem
972 2521 1149 2606 obliquam
1184 2530 1311 2598 narrat,
1341 2522 1517 2608 quomodo

343 2651 467 2714 pugna
502 2628 638 2695 navalis
671 2629 765 2714 apud
795 2627 946 2695 Cnidum
981 2629 1167 2694 commissa
1201 2629 1247 2694 sit
1277 2639 1311 2694 et
1339 2630 1516 2715 quomodo
1544 2711 1548 2716 .

343 2747 494 2824 utraque
511 2736 604 2802 acies
620 2735 792 2802 instructa
810 2736 925 2802 fuerit.
973 2736 1068 2802 Satis
1086 2735 1313 2802 memorabile
1330 2746 1384 2802 est
1401 2740 1517 2803 Xeno

342 2845 512 2930 phoutem
537 2843 617 2910 duci
644 2847 825 2908 Persarum
851 2865 980 2910 nomeu
1007 2846 1167 2932 ναύαρχον
1183 2843 1274 2927 dare,
1299 2865 1368 2929 quo
1386 2866 1515 2910 nmnus

342 2952 522 3038 publicum
551 2950 911 3022 Lacedaemoniorum
942 2949 1114 3016 nominari
1141 2950 1289 3032 solebat3
1314 2973 1396 3016 nam
1421 2952 1516 3017 facil-

342 3059 425 3124 lime
461 3059 576 3124 dicere
606 3057 729 3143 potuit,
763 3067 801 3123 ut
835 3056 912 3122 aliis
946 3057 1039 3128 locis,
1076 3058 1172 3123 velut
1206 3055 1420 3146 Φαρνάβαζον
1455 3061 1537 3124 τῶν·

330 3172 529 3233 ’Φοινισσῶν
565 3157 715 3255 Ιἡγεῖσθαι
750 3186 810 3230 seu
842 3163 1042 3252 προεστάναι
1074 3185 1134 3230 seu
1165 3151 1277 3254 άρχοιν
1304 3165 1360 3230 vel
1388 3163 1517 3255 Φαρνά-

342 3275 443 3358 βαζον
465 3271 526 3354 τάς
549 3273 733 3352 Φοινίσσας
756 3262 847 3358 ’ἐχειν
871 3295 931 3339 seu
957 3261 1074 3357 ἔχοντα
1097 3269 1270 3356 τετάχθαι,
1295 3294 1365 3359 qua
1389 3273 1518 3338 formu-

343 3382 377 3445 la
406 3381 528 3466 paucis
557 3381 674 3447 verbis
703 3392 782 3466 post
811 3381 854 3445 dc
884 3382 1026 3446 Conone
1056 3380 1176 3445 utitur.
1231 3379 1331 3444 Illius
1360 3380 1408 3444 rei
1439 3402 1515 3444 eam

344 3487 500 3578 fortasse,
534 3509 639 3573 quam
667 3509 771 3573 supra
797 3487 959 3572 explicui,
994 3508 1136 3551 causam
1167 3509 1241 3552 esse
1271 3494 1396 3572 putare
1425 3487 1516 3568 licet,

343 3595 403 3661 sed
435 3604 567 3660 certum
598 3604 848 3681 argumentum
874 3616 917 3659 ex
943 3617 983 3660 eo
1009 3594 1110 3659 nobis
1136 3616 1205 3660 non
1232 3593 1396 3674 nascitur,
1422 3595 1515 3680 qnod

344 3701 503 3791 ναάαρχος
534 3725 604 3767 non
638 3725 706 3768 vox
737 3703 872 3784 Dorica,
904 3703 964 3770 sed
991 3701 1189 3767 communis
1213 3701 1384 3767 sermonis
1409 3701 1518 3768 Grae-

344 3831 462 3876 corum
493 3819 555 3876 est.
583 3850 622 3856 κ-
650 3812 700 3876 IV
724 3810 753 3892 Β,
777 3805 820 3873 10
848 3810 1016 3896 legimus:
1046 3807 1127 3874 oi..
1155 3807 1327 3896 Κορίνθιοι
1440 3815 1517 3887 ναῦς

345 3915 579 4007 πληρώσοντες
608 3916 660 3983 καὶ
686 3907 858 4005 Ἀγαθῖνον
881 3915 1042 4002 ναύαρχον
1066 3913 1309 4005 ἐπιστήσαντες
1333 3916 1516 3982 ἐθαλαττο-

343 4021 491 4110 κράτουν.
539 4023 680 4090 Certum
706 4031 958 4108 argumentum
981 4046 1024 4088 ue
1049 4023 1106 4088 hic
1130 4021 1272 4108 quidem
1293 4023 1392 4088 locus
1415 4021 1516 4087 uobis

344 4130 496 4211 exhibet,
521 4132 580 4196 sed
605 4132 664 4196 hic
687 4153 742 4196 res
766 4131 871 4215 paulo
889 4131 1107 4197 manifestior
1124 4138 1177 4196 est
1192 4139 1335 4216 propter
1351 4152 1401 4210 ea,
1426 4151 1516 4215 quae

343 4247 553 4323 sequuntur:
588 4229 849 4325 άντεττλήριοσαν
877 4240 912 4305 δὲ
935 4237 989 4304 καὶ
1014 4236 1045 4304 oi
1069 4224 1333 4320 Λακεδαιμόνιον
1357 4242 1444 4316 ναῦς,
1471 4225 1517 4301 ὧν

342 4343 538 4430 Ποδάνεμος
560 4337 663 4434 ἦρχεν.
715 4345 940 4432 Quamquam
966 4368 1006 4418 ea
1030 4345 1188 4412 formula·
1204 4343 1297 4409 idem
1322 4345 1415 4431 qnod
1440 4347 1519 4410 ναά-
