3500 5052
723 400 946 468 -65..

251 616 469 705 progredior,
503 637 716 703 praemoneo
752 617 891 684 tabulas
925 616 1025 683 nullo
1059 617 1165 682 modo
1191 615 1242 682 its
1276 617 1424 684 describi

251 724 419 811 potuisse,
448 732 488 790 ut
511 723 588 790 sola
610 723 719 790 verba
746 732 782 790 et
811 722 950 790 numeri
977 723 1135 790 locorum
1164 719 1424 806 exhiberentur,

252 832 312 898 sed
337 852 399 897 eos
414 831 519 914 locos,
542 830 586 896 de
602 829 729 916 quibus
745 829 873 916 agitur,
894 829 1049 897 breviter
1068 827 1156 896 mibi
1177 828 1423 896 describendos

252 959 328 1004 esse
351 936 476 1023 putavi
501 957 543 1004 ea
565 957 673 1004 causa
697 946 904 1018 commotus,
934 937 1028 1021 quod
1051 934 1210 1003 intellexi
1234 936 1423 1002 nonnullos

253 1065 373 1110 eorum
399 1042 690 1130 interpretatione
714 1042 874 1128 indigere
898 1051 934 1109 et
956 1042 1077 1109 lectori
1102 1042 1259 1109 numeris
1284 1052 1422 1110 tanturn

251 1151 416 1217 indicatis
440 1149 527 1216 nihil
553 1149 718 1217 utilitatis
741 1149 868 1232 ollerri,
891 1169 972 1216 cum
997 1148 1159 1234 singulos
1181 1149 1277 1216 locos
1294 1151 1424 1216 exami-

251 1279 335 1325 nare
363 1278 452 1344 opus
480 1256 535 1324 sit.
586 1257 722 1340 „Verba
753 1255 973 1339 conritatus“,
1006 1264 1047 1322 ut
1079 1255 1232 1324 breviter
1255 1257 1424 1344 loquerer,

251 1363 338 1449 dixi,
362 1364 572 1430 conferenda
589 1362 644 1430 his
661 1363 791 1431 tabulis
807 1385 878 1430 non
895 1363 955 1429 illa
971 1364 1089 1448 verba,
1105 1364 1165 1431 sed
1183 1363 1277 1430 modi
1294 1363 1424 1432 diversi

252 1482 344 1555 sunt,
372 1470 501 1558 quibus
528 1469 599 1536 illis
622 1471 847 1538 substantiva
872 1470 1127 1557 adiunguntur.
1178 1474 1312 1558 ,Venio
1344 1495 1422 1542 cnm

252 1579 390 1665 aliquo“
417 1599 580 1644 sermone
604 1577 740 1644 Graeco
764 1577 820 1642 his
845 1577 957 1644 modis
981 1577 1122 1645 dicitur:
1154 1583 1182 1646 I.
1206 1569 1342 1667 ’ἔρχομαι
1368 1581 1426 1650 σύν

251 1709 326 1769 τινι,
352 1683 438 1772 μετά
457 1710 558 1767 τινος,
591 1685 636 1751 II.
662 1671 799 1770 ’ἔρχομαί
820 1707 896 1767 τινι,
930 1684 995 1752 III.
1020 1671 1155 1770 ’ἔρχομαι
1183 1673 1268 1770 ’ἔχων
1291 1686 1422 1772 (λαβών,

252 1782 355 1883 ἄγων)
386 1790 471 1860 τινά.
519 1793 619 1875 Quos
638 1789 779 1857 illorum
810 1789 994 1856 modorum
1028 1800 1065 1857 et
1088 1790 1252 1877 quotiens
1277 1792 1424 1878 scriptor
1456 1777 1461 1786 ¹

252 1910 394 1968 secutus
410 1898 474 1981 sit,
498 1897 532 1963 id
557 1897 613 1963 his
639 1896 767 1963 tabulis
790 1896 975 1963 ostendere
999 1897 1090 1964 volo.

358 2010 398 2071 In
429 2007 458 2068 A
494 2027 580 2071 usus
608 2002 719 2071 dativi
749 2012 830 2091 post
858 2002 919 2068 illa
954 2004 1062 2070 verba
1093 2006 1201 2090 longe
1233 2007 1423 2092 praevalet,

252 2114 445 2182 secundum
472 2112 586 2178 locum
611 2111 719 2177 verba
751 2131 830 2177 cnm
858 2109 1045 2196 participio
1068 2111 1190 2177 iuncta
1215 2120 1345 2196 tenent,
1374 2135 1424 2179 ra·

252 2220 390 2287 rissime
402 2218 682 2307 praepositiones
694 2217 934 2285 inveniuntur.
960 2221 1105 2284 Prorsus
1117 2217 1295 2285 diversum
1309 2241 1423 2304 genus

248 2327 391 2394 dicendi
427 2326 463 2391 in
501 2327 528 2391 B
563 2324 779 2391 observatur.
828 2324 898 2391 Hic
933 2327 1040 2411 longe
1076 2323 1282 2412 saepissime
1317 2326 1424 2393 verba

253 2435 440 2502 comitatus
456 2431 650 2520 participiis
667 2453 744 2498 cunr
768 2431 1002 2500 substantivis
1020 2432 1294 2520 coniunguntur,
1317 2435 1424 2521 paulo

251 2541 398 2608 rariores
423 2551 508 2608 sunt
530 2540 818 2628 praepositiones,
840 2541 983 2608 dativus
1008 2540 1159 2628 denique
1182 2562 1294 2628 paene
1311 2541 1426 2629 dispa-

251 2649 332 2716 ruit.
380 2647 557 2736 Imprimis
581 2656 700 2714 autem
724 2647 760 2712 id
776 2647 1034 2733 respiciendum
1052 2669 1129 2715 esse
1149 2649 1307 2732 arbitror,
1331 2651 1423 2736 quod

253 2755 450 2842 frequentia
474 2753 586 2821 dativi
610 2762 647 2819 et
670 2753 940 2840 praepositionis
964 2753 999 2818 in
1024 2754 1163 2820 duabus
1178 2753 1248 2820 illis
1264 2755 1423 2840 partibus

254 2881 396 2949 prorsus
425 2859 600 2928 contraria
629 2870 682 2926 est
709 2859 816 2946 (quod
840 2857 934 2924 idem
964 2881 1008 2924 ex
1037 2859 1158 2924 tabula
1181 2861 1271 2926 VIII
1296 2881 1427 2947 cogno-

253 3122 376 3202 χωρεῖι
403 3153 445 3162 --
469 3117 548 3174 Turn
577 3116 720 3173 nonnulla
750 3115 881 3172 dicenda
908 3122 977 3171 sunt
1004 3115 1042 3171 de
1066 3115 1282 3190 rationeque
1306 3117 1424 3173 tabulas

253 3209 425 3285 composui:
460 3205 620 3282 Participia
648 3195 758 3284 λαβών
785 3211 817 3262 et
840 3186 924 3284 έχων
953 3205 983 3260 in
1011 3204 1131 3262 tabulas
1154 3220 1214 3261 non
1241 3203 1345 3278 recepi
1368 3204 1426 3261 nisi

252 3300 304 3357 ubi
326 3316 443 3356 meram
466 3295 622 3354 notionem
651 3293 816 3352 comitandi
839 3293 967 3362 habent:
996 3293 1039 3352 sic
1064 3293 1194 3368 exempli
1222 3293 1317 3371 gratia
1340 3295 1424 3396 locos

253 3389 330 3446 Hist
353 3387 405 3446 Gr.
428 3386 457 3442 11
481 3385 510 3454 4,
524 3383 542 3446 2
568 3383 689 3486 etCyr.
714 3379 1068 3451 narentanorum,
1092 3382 1226 3460 quodns
1242 3382 1317 3442 locrs
1333 3390 1424 3458 par

253 3478 333 3579 eipia
355 3468 512 3575 λαβόπες
536 3483 567 3534 et
590 3457 718 3555 ’ἔχοντες
741 3493 801 3534 non
818 3474 877 3531 vim
898 3474 1071 3542 comitandi,
1095 3473 1150 3532 sed
1166 3476 1326 3532 verborum
1341 3469 1425 3553 λαμ-

252 3557 362 3642 (leiren
385 3573 416 3621 et
431 3548 517 3641 ’ἔχειν
532 3572 670 3622 naturam
687 3582 723 3620 ac
739 3565 895 3622 notionem
911 3563 1064 3638 propriam
1080 3564 1203 3621 babent.
1249 3563 1282 3620 In
1298 3581 1423 3620 numero

254 3652 399 3716 locorum,
430 3650 539 3723 quibus
568 3653 735 3708 datirum'
728 3653 905 3716 invenimus,
934 3669 987 3708 eos
1015 3652 1142 3724 neglexi,
1170 3652 1280 3724 quibus
1307 3651 1423 3707 dativus

253 3736 351 3792 minus
373 3737 435 3792 vim
459 3738 619 3795 comitatus
643 3757 735 3811 quam
758 3739 946 3796 instrumenti
970 3756 1043 3813 prae
1067 3755 1100 3795 se
1124 3738 1190 3795 sert.
1235 3737 1402 3812 Deniqne'
1394 3755 1424 3794 nr

253 3841 379 3883 numero
396 3826 542 3893 Iocorum,
565 3825 674 3899 quibus
690 3821 933 3900 praepositiones
948 3826 1147 3894 Inveniuntur,
1171 3844 1225 3884 eos
1241 3825 1424 3884 omittendos

255 3930 322 3972 esse
345 3912 457 3990 putavi,
485 3913 595 3988 quibus
623 3914 714 3971 homo
739 3915 846 3989 aliquis
874 3932 933 3970 una
958 3933 1026 3972 cum
1051 3915 1172 3990 aequali
1196 3922 1247 3972 aut
1270 3914 1422 3990 superiore

253 4004 300 4061 vel
323 4002 494 4080 potentiore
518 4002 560 4058 ire
585 4009 727 4064 narratur.
751 4021 790 4060 ea
813 4004 852 4059 de
877 4020 978 4072 cansa,
1002 4003 1084 4078 quod
1109 4003 1186 4060 illins
1209 4005 1327 4079 generis
1349 4005 1424 4063 locis

254 4094 327 4152 nibil
350 4092 432 4151 aliud
460 4092 516 4150 nisi
541 4083 599 4154 σύν
622 4093 669 4148 vel
692 4085 776 4171 μετά
805 4093 940 4166 usurpari
968 4099 1078 4167 potest.
1126 4091 1259 4150 omniuo
1289 4093 1318 4150 in
1350 4095 1424 4152 Iocis

254 4183 403 4260 eligendis
426 4182 651 4240 accuratissime
668 4182 699 4238 id
715 4183 787 4240 mibi
799 4182 999 4257 spectandum
1016 4189 1090 4249 erat,
1114 4189 1146 4238 ut
1161 4199 1215 4239 eor
1230 4183 1323 4240 modo
1340 4185 1424 4240 locos

253 4275 283 4330 in
307 4274 427 4332 tabulas
449 4273 628 4348 reciperem,
658 4272 766 4347 quibus
790 4271 926 4346 scriptori
954 4271 1044 4346 plena
1069 4270 1191 4328 libertas
1216 4278 1304 4349 esset,
1334 4289 1423 4345 quem

253 4363 342 4420 trium
366 4363 482 4420 illorum
508 4363 666 4420 modorum
691 4363 811 4420 dicendi
836 4360 922 4436 sequi
946 4361 1045 4419 vellet.
