3486 5056
844 434 1043 501 „2-

465 649 546 733 Qua
569 647 831 737 vituperatione
847 649 1106 738 Xenophontis,
1130 649 1231 738 quasi
1248 659 1341 717 esset
1360 649 1415 716 vir
1430 649 1534 718 civis·

356 775 426 843 que
449 754 633 843 pessimus,
657 755 767 823 animi
793 755 1107 842 grammaticorum
1131 756 1221 823 adeo
1244 755 1411 824 commoti
1436 767 1530 840 sunt,

356 871 397 929 ut
410 861 531 928 statim
542 862 742 949 complures
748 862 815 930 viri
826 862 920 930 docti
933 862 1530 950 vehementissimeobloquerentur.

357 970 438 1053 Qua
465 969 501 1034 in
525 990 563 1036 re
592 990 713 1036 eorum
747 968 858 1057 pluris
888 969 1058 1037 intererat
1084 971 1254 1037 honorem
1282 969 1530 1058 Xenophontis

356 1075 542 1143 restituere
566 1097 673 1163 quam
698 1098 776 1144 eam
801 1075 1058 1164 quaestionem,
1081 1099 1187 1163 quam
1210 1075 1270 1143 ille
1292 1075 1530 1160 incohaverat,

356 1180 556 1250 diiudicare.
603 1181 781 1270 Imprimis
807 1183 846 1251 F.
872 1181 1100 1251 Delbrueclrii
1122 1181 1221 1266 liber,
1245 1182 1305 1269 qui
1327 1181 1531 1250 inscribitur

354 1288 585 1375 „Xenophon
632 1291 703 1355 Zur
741 1291 904 1374 Rettung
937 1287 1054 1356 seiner
1087 1288 1198 1356 durch
1236 1291 1273 1356 B.
1296 1289 1342 1356 G.
1369 1287 1531 1357 Niebuhr

357 1394 588 1482 gelihrdeten
612 1394 726 1464 Ehre“
748 1394 836 1461 mihi
860 1395 1098 1463 nominandus
1119 1401 1211 1480 est¹)
1257 1395 1396 1462 Animis
1411 1397 1532 1484 paula·

356 1500 420 1568 tim
444 1501 576 1568 sedatis
600 1501 667 1568 viri
690 1501 784 1569 docti
809 1501 840 1568 ei
858 1501 1067 1590 quaestioni,
1090 1523 1199 1591 quam
1215 1501 1434 1570 Niebuhrius
1450 1525 1527 1591 pro·

356 1608 497 1691 tulerat,
517 1607 651 1675 scilicet
666 1607 916 1696 Xenophontis
932 1608 1129 1677 Historiam
1146 1611 1320 1677 Graecam
1337 1609 1410 1676 duo
1425 1631 1531 1698 opera

355 1714 448 1781 inter
470 1737 509 1782 se
537 1713 677 1781 diversa
700 1713 891 1799 continere,
914 1735 1056 1803 operam
1081 1737 1212 1784 navare
1235 1725 1435 1804 coeperunt
1473 1717 1530 1787 Ex

355 1821 423 1888 hoc
460 1830 617 1909 ternpore
652 1821 796 1909 plurimi
829 1820 910 1888 libri
943 1822 1186 1911 plurimaeque
1216 1821 1530 1891 commentationes

354 1927 511 1995 virorum
539 1928 723 1996 doctorum
755 1937 878 1996 exorta
907 1938 1005 2013 sunt,
1037 1951 1129 2018 quae
1156 1929 1254 1996 illam
1284 1929 1529 2017 quaestionem

356 2034 494 2102 solvere
528 2055 569 2100 ac
602 2033 796 2101 diiudicare
831 2035 1031 2104 studebant
1078 2039 1246 2123 Longum
1281 2047 1335 2103 est
1369 2036 1529 2104 omnium

353 2141 510 2208 virorum
533 2142 718 2209 doctorum
742 2141 875 2229 scripta
897 2143 965 2210 hoc
987 2143 1065 2208 loco
1089 2153 1240 2211 tractare
1263 2142 1529 2231 sententiasque

354 2270 475 2316 eorum
506 2269 700 2316 recensere:
728 2247 816 2316 satis
844 2247 961 2315 habeo
983 2249 1028 2315 de
1055 2249 1099 2316 iis
1126 2249 1225 2316 libris
1249 2250 1358 2336 paulo
1386 2251 1529 2317 uberius

353 2355 477 2440 dicere,
505 2355 635 2443 quihus
663 2355 723 2421 illa
753 2355 914 2442 quaestio
949 2355 1102 2442 amplius
1137 2367 1305 2441 provecta
1334 2379 1412 2423 esse
1440 2355 1529 2424 mihi

354 2461 528 2528 videatur.

464 2571 508 2634 K.
522 2569 577 2638 W.
596 2571 812 2657 Kruegerus
837 2579 876 2636 ut
892 2567 1020 2634 abhoc
1036 2569 1204 2652 exordiar,
1221 2570 1529 2655 commentatione,

355 2696 446 2763 quae
468 2673 672 2742 inscribitur
697 2675 881 2760 ,Prilhrng
903 2673 964 2740 der
988 2673 1259 2742 Niebuhrsclren
1276 2677 1426 2745 Ansicht
1441 2677 1529 2744 tiber

353 2781 574 2869 Xenophons
591 2781 796 2849 Hellenica“
803 2781 831 2867 ²)
858 2801 891 2867 p.
907 2777 1093 2864 uss-264,
1109 2783 1322 2849 sententiam
1339 2782 1528 2850 Niebuhrii

352 2888 511 2955 refellere
526 2887 656 2956 studet
700 2889 782 2956 Non
799 2907 923 2954 verum
940 2885 1069 2953 esseio
1086 2887 1225 2954 duobus
1237 2888 1413 2976 prioribus
1428 2888 1528 2957 libris

352 2994 510 3061 studium
535 2993 807 3062 Atheniensium
831 2993 956 3076 inesse,
980 2993 1207 3080 insequentes
1230 2995 1337 3062 libros
1354 2995 1473 3064 animo
1488 2997 1527 3063 in

352 3099 587 3168 Athenienses
611 3099 736 3190 iniquo
758 3099 973 3188 conscriptos
998 3123 1087 3184 esse3
1112 3125 1156 3169 ne
1180 3101 1214 3169 id
1240 3103 1383 3190 quidem
1408 3126 1529 3172 conce·

352 3205 406 3274 dit
433 3205 708 3296 Xenophontem
738 3227 835 3274 more
865 3203 1087 3293 Thucydidis
1120 3211 1157 3276 in
1185 3210 1324 3277 duobus
1351 3211 1527 3297 prioribus

352 3311 450 3380 libris
474 3335 529 3380 res
553 3313 856 3400 Syracusanorum
867 3313 1072 3401 respexisse,
1095 3315 1379 3401 insequentibus
1402 3315 1439 3381 id
1454 3335 1526 3381 non

351 3419 487 3504 iecisse,
510 3441 591 3489 cunr
615 3418 722 3488 etiam
752 3419 789 3486 in
813 3421 924 3488 altera
948 3431 1048 3507 parte
1074 3419 1254 3487 Historiae
1277 3419 1436 3487 Graecae
1458 3420 1526 3488 loci

352 3525 595 3612 inveniantur,
625 3525 685 3614 qui
713 3528 758 3594 ad
787 3549 843 3594 res
873 3526 1176 3612 Syracusanorum
1204 3535 1373 3610 spectent
1421 3527 1525 3611 Quod

354 3631 573 3702 Niebuhrius
608 3633 702 3701 dicat
730 3633 813 3701 inde
841 3655 862 3700 a
889 3633 979 3700 libro
1007 3632 1111 3699 tertio
1139 3650 1263 3697 omnes
1285 3651 1342 3696 res
1366 3653 1387 3698 a
1410 3635 1526 3703 Xeno

352 3739 486 3828 phonte
519 3749 678 3808 narratas
702 3761 814 3808 unum
842 3740 886 3806 ad
911 3737 1117 3824 Agesilaum
1141 3745 1308 3823 spectare,
1335 3735 1372 3803 id
1396 3739 1524 3808 falsum

352 3867 439 3914 esse.
495 3847 632 3915 Deinde
659 3845 801 3914 initium
831 3845 910 3912 libri
941 3844 1034 3912 tertii
1065 3865 1146 3911 cum
1174 3842 1244 3909 line
1271 3843 1351 3911 libri
1378 3846 1524 3913 secundi

353 3951 528 4020 artissime
560 3953 761 4036 cohaerere,
797 3953 904 4019 verba
939 3951 975 4018 in
1011 3951 1083 4019 line
1109 3949 1190 4018 libri
1219 3950 1363 4018 secundi
1391 3951 1523 4040 posita:

305 4045 310 4054 ⁵
354 4057 402 4126 ἔτι
418 4059 472 4127 καὶ
491 4066 546 4126 via
562 4051 645 4146 ὁμοί·
662 4085 695 4126 τε
711 4057 945 4126 πολιτεύονται
961 4061 1015 4126 καὶ
1032 4064 1104 4138 τοῖς
1119 4051 1229 4143 ὅρκοις
1243 4057 1370 4142 ἐμμένει
1388 4050 1526 4150 ὃδῆμος

354 4223 560 4231 -.-.-—-

464 4297 488 4374 ι)
512 4297 635 4356 Bonnae
663 4296 756 4360 1829.

462 4385 488 4461 ²)
511 4385 705 4463 {list-philol.
716 4388 850 4454 Studien,
875 4388 941 4446 Vol.
953 4387 976 4444 l.
1000 4386 1099 4444 Berol.
1126 4384 1220 4446 1836.
