3500 5052
730 407 1004 479 '-14-

304 619 388 693 εἶναι
417 675 523 694 ....
571 627 652 692 Hoc
678 626 756 692 loco
784 615 873 694 d’oir
899 627 1081 694 notionem
1108 628 1271 715 „utique“
1300 641 1382 718 post
1403 653 1483 699 seu·

306 731 453 799 tentiam
473 742 686 819 „utcumque
701 731 737 798 id
754 754 792 799 se
807 732 936 799 habet“
954 733 1026 800 iam
1043 734 1182 802 obeam
1196 756 1340 803 causam
1350 736 1480 804 habere

304 859 374 904 non
403 846 530 925 potest,
558 839 653 925 quod
682 838 800 906 verbis
827 845 900 918 τοῖς
927 830 1016 906 ὁόὗν
1042 841 1219 908 sententia
1246 840 1415 927 incipitur
1442 851 1478 908 et

304 966 375 1011 non
399 945 514 1012 solum
537 945 725 1029 sententia,
749 945 811 1011 sed
836 945 944 1012 etiam
960 968 1054 1013 nova
1069 947 1243 1033 quaedam
1265 947 1475 1014 narrationis

302 1072 394 1137 pars,
428 1073 520 1138 qnae
548 1072 628 1118 cum
658 1051 838 1138 superiore
866 1051 1012 1120 omnino
1039 1074 1112 1120 non
1140 1053 1313 1136 cohaeret,
1341 1055 1402 1120 sed
1431 1055 1475 1120 ad

303 1177 446 1243 prorsus
470 1157 558 1225 alias
582 1179 637 1224 res
661 1157 854 1226 narrandas
878 1158 1013 1225 transit
1059 1161 1154 1226 Nam
1178 1171 1263 1228 aute
1284 1159 1393 1227 verba
1407 1165 1479 1239 τοῖς

306 1253 397 1331 δὀὗν
426 1317 433 1332 .
460 1314 466 1328 .
491 1314 500 1332 .
528 1263 684 1349 legimus
717 1265 907 1330 nonnullas
934 1265 1183 1352 Xenophontis
1217 1265 1412 1334 sententias
1440 1266 1476 1332 in

303 1369 512 1437 universum
540 1370 584 1437 ad
613 1370 789 1437 docendos
812 1370 975 1438 homines
1003 1371 1149 1458 positas:
1179 1365 1226 1453 ὦς
1254 1364 1324 1440 οὐδ’
1348 1370 1480 1450 οὶνεῖτας

304 1472 366 1566 χρὴ
396 1467 475 1566 ὀργῇ
507 1474 662 1558 κολάζειν
688 1469 768 1568 etr}
797 1529 805 1545 .
830 1531 838 1546 .
872 1525 880 1540 .
904 1468 985 1568 ὄργή
1008 1469 1228 1570 οἷπρονόητον,
1254 1469 1274 1569 ἦ
1299 1479 1336 1547 δὲ
1360 1477 1471 1568 γνώμη

305 1589 430 1650 σκοπεῖ
457 1574 552 1651 οὐδὲν
581 1571 679 1674 ἧττον
699 1582 746 1674 μή
770 1609 802 1651 τι
829 1581 932 1674 πάθῃ
955 1580 976 1675 ἢ
1000 1578 1098 1667 ὅπως
1118 1584 1235 1676 βλάψῃ
1258 1612 1290 1654 τι
1313 1580 1391 1665 τούς
1413 1610 1479 1652 πο-

304 1687 436 1774 λεμίους
458 1739 468 1757 .
492 1740 500 1756 .
525 1738 534 1758 .
582 1693 667 1757 Post
689 1690 777 1758 haec
799 1691 908 1758 verba
924 1690 1073 1779 scriptor
1096 1693 1132 1759 in
1159 1692 1336 1760 narrando
1359 1692 1479 1780 pergit

308 1804 527 1883 usurpatque
553 1818 625 1864 non
653 1796 722 1864 nisi
747 1797 966 1865 transitionis
990 1820 1097 1866 causa
1120 1799 1373 1888 particularum
1398 1821 1480 1866 con-

309 1901 527 1969 iunctionem
555 1894 652 1987 ὄόῧν,
681 1925 744 1991 pro
768 1926 838 1992 qua
862 1905 1013 1993 simplex
1037 1905 1074 1973 δέ
1098 1908 1155 1974 vel
1178 1906 1291 1991 μέντοι
1315 1915 1381 1974 etc.
1404 1926 1476 1972 non

306 2007 423 2074 minus
451 2019 534 2095 apte
557 2031 727 2098 usurpare
749 2011 877 2098 potuit.
924 2012 995 2081 Sed
1019 2012 1148 2078 dixerit
1172 2012 1347 2098 quispiam
1372 2011 1479 2098 scrip·

305 2125 416 2181 torem
440 2115 695 2203 particularum
719 2118 1006 2186 coniunctionem
1031 2110 1119 2186 δὀὗν
1135 2117 1354 2184 transitionis
1371 2139 1477 2184 causa

308 2231 514 2307 usurpatam
533 2231 653 2291 tamen
669 2224 831 2291 consulto
848 2225 1062 2307 adhibuisse,
1085 2223 1220 2291 scilicet
1243 2232 1285 2289 ut
1306 2222 1478 2289 indicaret

308 2326 563 2412 digressionem
586 2329 683 2396 illam
708 2339 791 2396 aute
804 2320 893 2397 δὀὖν
907 2331 1036 2396 iactam
1053 2329 1195 2395 linitam
1212 2350 1289 2395 esse
1310 2348 1418 2413 seque
1434 2325 1479 2391 ad

309 2454 383 2499 rem
407 2434 624 2523 propositam
648 2435 771 2504 redire.
817 2438 921 2521 Quod
946 2436 974 2502 si
999 2435 1077 2521 quis
1101 2433 1291 2521 putaverit,
1315 2453 1384 2519 ego
1407 2452 1479 2497 non

305 2549 428 2606 contra
456 2541 543 2626 dico,
571 2543 634 2610 sed
657 2542 736 2609 dico
759 2544 1032 2630 Xenophontem
1062 2541 1161 2607 nullo
1185 2540 1290 2606 modo
1314 2548 1477 2606 coactum

305 2646 413 2714 inisse
437 2647 498 2715 illo
520 2649 598 2716 loco
614 2640 703 2717 δὀὗν
716 2670 858 2736 ponere,
882 2649 943 2715 sed
961 2648 1099 2715 etiamsi
1115 2648 1212 2714 illam
1231 2669 1304 2714 rem
1320 2645 1476 2712 indicare

305 2755 422 2838 vellet,
456 2754 488 2822 ei
521 2778 661 2823 omnem
691 2755 890 2823 libertatem
919 2755 956 2820 in
984 2753 1169 2822 scribendo
1199 2754 1322 2821 luisse..
1369 2752 1478 2820 Cuius

306 2859 356 2926 rei
396 2872 646 2948 argumentum
684 2862 803 2929 locum
833 2861 925 2928 Hist
948 2862 1010 2929 Gr.
1031 2864 1083 2930 VI
1116 2858 1147 2944 2,
1179 2858 1223 2927 39
1256 2861 1374 2943 allero,
1406 2879 1477 2946 quo
1581 2907 1585 2916 -

307 2967 413 3034 etiam
448 2969 647 3055 longiorem
680 2968 938 3054 digressionem
971 2969 1152 3052 habemus,
1186 2968 1248 3034 sed
1276 2965 1477 3054 Xenophon

307 3073 357 3139 ibi
386 3075 537 3162 simplici
567 3073 605 3141 δέ
633 3074 677 3140 ad
705 3095 780 3142 rem
808 3097 909 3143 suam
938 3076 1039 3144 redit.
1068 3113 1102 3124 -
1130 3077 1201 3143 VII
1226 3071 1256 3156 4,
1282 3070 1337 3138 12:
1363 3067 1477 3157 σχεδὸν

305 3180 343 3246 δὲ
375 3182 456 3268 περὶ
487 3186 602 3248 τοῦτον
633 3176 691 3248 τὸν
717 3179 833 3269 χρόνον
860 3179 1122 3273 τετελευτηκότος
1147 3170 1212 3272 ἤδη
1236 3185 1294 3247 roi·
1322 3175 1479 3265 πρόσθεν

306 3285 484 3354 Διονυσίου
500 3278 517 3353 ὁ
534 3283 606 3367 vide
620 3281 719 3356 αἰτοῖ·
733 3288 866 3376 πέμπει
875 3288 1038 3379 βοήθειαν
1048 3294 1121 3368 τοῖς
1132 3284 1432 3371 Δοιεδοιμονίοις.
1448 3339 1455 3352 .
1469 3335 1477 3353 .

306 3391 363 3458 καὶ
387 3381 526 3480 ἅρχοντα
550 3447 557 3462 .
580 3441 590 3456 .
618 3393 839 3487 Τιμοκράτην.
855 3383 951 3476 οὗτος
966 3385 1055 3464 δὀῧν
1071 3384 1273 3484 ἀφικόμενος
1287 3393 1477 3476 οινεξαιρεῦ

308 3489 421 3578 αὐτοῖς
444 3501 636 3570 Σελλασίαν.
683 3502 740 3572 Ex
764 3503 931 3570 hocloco
954 3503 1033 3568 luce
1058 3500 1186 3568 clarius
1209 3507 1356 3587 apparet
1373 3500 1481 3564 Hart-

307 3604 403 3670 mani
431 3605 565 3674 dictum
595 3610 722 3677 ialsum
749 3632 840 3676 esse:
864 3607 1162 3696 simplicissimam
1187 3605 1424 3673 narrationem
1448 3603 1479 3669 is

307 3711 406 3779 locus
434 3716 587 3801 praebet,
616 3718 676 3784 ubi
705 3717 816 3785 altera
844 3738 899 3782 res
927 3717 1073 3783 alteram
1099 3713 1169 3781 cito
1192 3710 1361 3800 sequitur.
1408 3710 1479 3780 Sed

307 3821 449 3888 fortuna
478 3823 578 3891 nobis
607 3825 702 3892 hunc
730 3826 856 3908 locum,
884 3845 954 3911 quo
982 3822 1058 3888 solo
1083 3819 1275 3888 Hartmani
1303 3816 1479 3885 sententia

308 3928 495 4014 refellatur,
532 3930 690 4000 invidere
729 3932 878 4009 videtur,
913 3951 995 3996 nam
1027 3947 1091 4016 pro
1123 3917 1212 3994 doio
1245 3924 1344 3993 varia
1374 3923 1479 3990 lectio

308 4024 382 4102 δὀἱ·
411 4046 537 4106 exstat.
583 4038 759 4125 Equidem
791 4036 985 4106 diiudicare
1015 4055 1087 4101 non
1115 4032 1237 4117 audeo,
1266 4040 1348 4099 utra
1373 4030 1479 4098 lectio

308 4137 1480 4232 potiorsit;utiqueclarissimieditoresSauppius,Breitenbachius,

312 4249 475 4317 Kellerus
499 4242 587 4318 ὁόὖν
611 4289 650 4302 -
677 4252 711 4317 id
736 4252 831 4339 quod
855 4252 958 4318 nobis
981 4251 1080 4317 favet
1103 4286 1143 4296 -
1169 4253 1387 4333 receperunt.

415 4365 489 4427 Iam
522 4361 567 4426 ab
596 4361 705 4428 altera
730 4369 830 4445 parte
852 4359 969 4424 locum
995 4355 1151 4436 afferam,
1174 4375 1244 4440 quo
1268 4353 1481 4439 Xenophon,
