3500 5052
670 467 891 533 ...41-

306 683 347 745 In
371 682 401 746 A
427 681 498 748 duo
522 681 630 748 verba
654 681 888 767 aggrediendi
912 680 1065 766 singulis
1093 680 1180 746 locis
1203 679 1370 765 legimus:

196 784 422 856 ἐπιτίθεσθαι
445 797 481 853 et
504 785 748 875 προσπίπτειν,
773 787 855 853 inB
879 787 1040 874 plurimis
1064 786 1150 853 locis
1174 785 1369 851 maximum

198 915 386 960 numerum
411 893 599 960 verborum
624 893 856 961 diversorum.
903 894 1006 977 Quod
1032 915 1111 959 cum
1136 892 1186 958 ita
1202 891 1256 976 sit,
1280 912 1371 957 com-

197 1001 336 1087 paratio
345 1000 487 1086 quidem
499 1001 740 1086 exemplorum
757 1001 943 1087 utriusque
955 1000 1066 1086 partis
1076 999 1153 1065 fieri
1164 998 1226 1065 vix
1237 1007 1370 1084 potcst;

198 1117 317 1173 tamen
342 1105 406 1172 toti
431 1106 628 1192 quaestioni
645 1117 788 1174 nostrae
804 1106 1051 1173 diiudicandae
1073 1128 1144 1173 non
1161 1104 1278 1172 minus
1294 1105 1371 1170 reli-

197 1212 276 1298 quis
304 1212 511 1280 inserviunt
558 1216 652 1280 Nam
681 1236 760 1280 cum
785 1214 990 1302 scriptorem
1020 1215 1057 1279 in
1085 1216 1117 1280 A
1144 1211 1289 1279 omnino
1316 1210 1370 1276 bis

197 1319 344 1386 verbum
363 1320 607 1406 aggrediendi,
623 1322 659 1387 in
678 1325 705 1387 B
721 1323 874 1409 plurima
891 1321 967 1389 eius
985 1321 1126 1408 generis
1143 1321 1251 1388 verba
1264 1317 1371 1406 pluri·

197 1427 335 1514 misque
358 1427 444 1494 locis
468 1429 626 1515 posuisse
650 1428 816 1514 indicent,
844 1439 991 1517 apparet
1015 1439 1129 1496 totum
1156 1448 1269 1514 genus
1293 1448 1370 1493 nar·

194 1534 295 1599 randi
319 1534 355 1599 in
380 1537 411 1599 A
424 1535 520 1600 aliud
545 1557 622 1602 csse
645 1547 753 1623 atque
769 1538 807 1602 in
825 1539 862 1602 B.
896 1537 963 1604 Est
979 1536 1073 1602 enim
1089 1536 1246 1622 proiecto
1263 1533 1368 1615 aliud,

87 1679 91 1684 ·
194 1639 224 1705 si
248 1661 369 1706 narres
392 1639 447 1707 καὶ
472 1631 574 1720 sotiis
597 1641 825 1732 ἐναυμάχησαν
848 1634 951 1721 αὖθις
979 1697 986 1710 .
1011 1693 1018 1707 .
1044 1693 1061 1725 .,
1095 1640 1246 1730 ἐνίκησαν
1269 1640 1306 1707 δὲ
1328 1691 1368 1722 ..,

195 1746 301 1830 aliud,
337 1747 367 1812 si
401 1748 574 1833 proelium
611 1749 851 1834 copiosissime
891 1748 1068 1814 describas
1104 1745 1367 1831 exordiarisqne

193 1850 310 1944 φράσω
335 1853 451 1920 δὲκαὶ
474 1849 513 1920 τὸ
537 1856 676 1945 πλῆθος
699 1853 868 1944 ἑκατέρων.

301 1978 593 2065 splendidissime
618 2001 733 2066 genus
757 1979 896 2046 dicendi
918 1979 1027 2067 partis
1044 1983 1072 2046 B
1088 1980 1213 2046 ceteris
1229 1978 1367 2045 duobus

192 2086 290 2153 libris
315 2086 553 2172 confirmatur,
577 2109 659 2153 nam
685 2109 765 2153 cnm
789 2087 827 2152 in
844 2087 1074 2154 Institutione
1098 2096 1174 2152 tum
1198 2085 1236 2150 in
1252 2085 1368 2170 Expe-

194 2194 329 2261 ditione
353 2217 424 2260 non
441 2196 556 2261 solnm
575 2195 697 2260 cadem
714 2195 903 2261 verborum
920 2193 1075 2261 varietas
1091 2191 1281 2273 invenitur,
1304 2191 1366 2258 scd

192 2302 299 2369 etiam
329 2303 451 2368 eadem
476 2303 547 2367 iere
571 2303 692 2368 verba:
727 2301 951 2384 ἐπιπίπτειν,
977 2301 1184 2381 ἐπικεῖσθαι,
1212 2295 1367 2366 ἐπιτίθε-

193 2416 286 2490 σθαι,
314 2399 415 2494 ὁμόσε
430 2415 513 2494 θεῖν,
528 2415 643 2499 χωρεῖν
668 2400 777 2496 ὁμόσε,
803 2401 885 2496 ὁμοῦ
902 2406 1083 2499 γίγνεσθαι,
1107 2409 1366 2496 συμμείγνοσθαι

193 2513 241 2598 (in
271 2515 530 2604 Expeditionc.)

508 2853 607 2920 VIII.
632 2856 788 2923 Verbum
814 2854 1053 2943 προσβάλλειν.

757 3017 796 3080 A.

191 3149 420 3239 προσβάλλειν
443 3173 523 3218 cum
548 3153 678 3221 dativo.
854 3155 1086 3242 προσβάλλειν
1110 3156 1202 3246 πρός.

212 3311 329 3396 ms

190 3417 423 3503 nisio

1258 3286 1365 3296 ...ψ-

756 3695 793 3758 Β.

188 3845 412 3934 προσβάλλειν
436 3871 516 3915 cum
541 3851 671 3918 dativo.
854 3852 1080 3940 προσβάλλειν
1103 3853 1199 3941 πρός.

688 4011 898 4095 αλεω

668 4118 838 4204 mss

641 4207 952 4330 ρωιωοω
