3500 5052
809 379 1028 445 „74-

342 600 406 664 111,
435 601 594 682 τοξὰιρχοι
617 596 682 664 soli
709 595 945 664 Athenienses
962 605 1085 664 sunt..

349 707 407 772 IV.
435 705 535 789 λόχος.
572 706 588 768 Ι
611 699 786 788 2,3,λόχοι
811 700 1082 770 Atheniensium
1105 712 1436 771 commemorantur.

362 813 404 877 V.
433 813 624 894 τριήραρχοι,
648 809 741 895 quod
766 808 896 876 attinet
921 817 1055 896 gentes,
1081 809 1278 894 promiscue
1303 820 1511 896 usurpatur.

899 1061 937 1124 B.

381 1207 407 1267 Ι.
437 1199 588 1286 ναύαρχοι
612 1200 882 1272 Lacedaemonii
919 1211 1003 1265 sunt
1037 1200 1093 1264 bis
1122 1201 1291 1286 exceptis:
1330 1204 1379 1266 IV
1408 1199 1507 1282 3,1t.

439 1312 489 1374 IV
512 1304 606 1390 8,10.
654 1311 685 1372 V
709 1305 780 1388 1‚5.

332 1417 336 1426 '
366 1420 410 1479 II.
438 1419 595 1499 ἁρμοοταί
624 1414 689 1479 soli
716 1415 987 1484 Lacedaemonii
1017 1415 1241 1500 appellantur
1264 1417 1341 1480 loco
1369 1419 1417 1481 lV
1440 1413 1505 1497 8,8

439 1529 595 1608 exceptu.

287 1649 290 1656 ’
333 1633 409 1696 ·111.
436 1631 596 1712 ταξίαρχοι
620 1649 742 1693 onmes
767 1627 1036 1695 Lacedaemonii
1062 1637 1155 1694 sunt.

332 1751 336 1757 '
353 1739 410 1802 IV.
437 1738 540 1819 λόχος,
564 1735 624 1821 qui
642 1734 844 1800 nominatur
865 1737 931 1814 (lV
946 1731 976 1816 2,
990 1731 1034 1820 5),
1058 1728 1417 1801 Lacedaemoniorum
1444 1747 1506 1802 est.

365 1845 407 1908 V.
436 1845 586 1926 ἵππαρχοι
623 1861 745 1906 omnes
782 1841 1017 1907 Athenienses
1054 1851 1139 1906 sunt
1172 1861 1213 1904 eo
1249 1851 1410 1925 excepto,
1445 1843 1506 1928 qui

440 1945 577 2032 1V2,5
601 1947 805 2014 nominatur
830 1947 1144 2018 Lacedaemonius.

353 2059 412 2122 Vl.
439 2057 658 2140 ἱππαρμοοταί
680 2054 951 2125 Lacedaemonii
977 2064 1071 2120 sunt.

332 2166 410 2229 VII.
438 2165 634 2247 πολέμαρχοι
657 2183 780 2228 omnes
798 2161 1160 2231 Lacedaemoniorum
1177 2173 1270 2238 sunt,
1295 2163 1379 2227 item
1396 2186 1507 2245 πεπη-

439 2279 598 2354 κοοτῆρες,
622 2273 752 2351 ξενοχοί.

442 2416 482 2476 ln
506 2411 561 2476 his
587 2411 732 2477 vocibus
757 2412 976 2477 conferendis
1002 2434 1071 2477 nou
1097 2412 1210 2478 solutu
1241 2412 1276 2477 id
1306 2411 1434 2498 agitur,
1468 2423 1507 2478 ut

334 2528 544 2599 statuamus,
569 2539 674 2604 qnam
705 2517 853 2604 scriptor
882 2517 917 2583 in
944 2519 983 2601 A,
1013 2539 1117 2604 quam
1147 2519 1182 2584 in
1210 2521 1236 2584 B
1260 2518 1418 2606 posuerit
1446 2528 1509 2585 aut

335 2647 406 2691 nou
429 2623 597 2712 posuerit,
622 2625 682 2690 sed
708 2624 823 2706 etiam,
850 2634 889 2690 ut
913 2625 1151 2708 ostendamus
1186 2646 1271 2690 num
1296 2625 1332 2690 in
1359 2635 1509 2713 utraque

334 2742 434 2820 parte
459 2732 600 2798 easdem
627 2753 730 2797 voces
755 2731 868 2798 eidem
894 2733 1025 2819 populo
1050 2731 1220 2798 tribuerit.
1268 2731 1308 2796 Id
1335 2754 1418 2798 vero
1441 2732 1510 2798 hoc

335 2840 440 2905 modo
464 2839 646 2928 intellego.
695 2839 844 2905 Constat
868 2838 1030 2925 singulos
1049 2838 1219 2906 Graeciae
1235 2839 1386 2926 populos
1410 2839 1445 2904 in
1471 2860 1509 2904 re

334 2945 479 3012 militari
497 2955 532 3011 et
549 2945 659 3033 copiis
677 2945 929 3012 distribuendis
954 2955 1060 3032 atque
1076 2945 1291 3011 instruendis
1309 2955 1344 3011 et
1360 2945 1509 3012 ducibus

337 3053 556 3141 appellandis
595 3053 749 3120 maxime
788 3053 879 3118 inter
905 3075 941 3118 se
978 3052 1221 3139 discrepuisse.
1284 3055 1378 3118 Nam
1403 3062 1510 3139 prout

335 3161 557 3249 singulorum
589 3183 644 3226 ars
668 3160 793 3226 bellica
824 3170 859 3225 et
883 3182 938 3224 res
963 3159 1125 3226 militaris
1153 3169 1229 3225 orta
1259 3168 1293 3225 et
1320 3180 1510 3246 progressa

338 3279 400 3350 est,
425 3268 475 3333 sic
498 3267 641 3352 singula
665 3267 713 3332 rci
739 3266 901 3332 militaris
927 3287 1058 3353 garrera
1084 3267 1315 3332 excoluerunt
1343 3274 1449 3353 atque
1472 3265 1510 3330 in

337 3376 407 3440 illis
422 3373 643 3459 appellandis
661 3394 742 3438 suas
760 3373 826 3438 sibi
849 3373 1008 3460 proprias
1031 3395 1135 3438 voces
1155 3381 1373 3440 creaverunt.
1398 3371 1511 3459 Supra

337 3477 576 3544 demonstravi
603 3478 718 3565 spatio
743 3481 918 3566 temporis
950 3479 1042 3567 quod
1060 3479 1260 3565 Xenophon
1286 3479 1378 3566 apud
1405 3481 1511 3550 Lace-

338 3585 544 3652 daemonios
569 3609 613 3652 ex
638 3586 721 3652 Asia
751 3585 862 3652 redux
887 3587 993 3672 degit,
1024 3589 1156 3653 lactum
1181 3608 1266 3668 esse,
1296 3595 1336 3652 ut
1364 3585 1511 3651 vocibus

338 3693 566 3761 sollemnibus
592 3694 639 3760 rei
666 3693 827 3760 militaris
845 3694 1101 3780 Spartanorum
1124 3693 1269 3760 omnino
1287 3701 1505 3759 assuesceret

339 3803 419 3885 Qua
445 3823 481 3867 re
499 3801 634 3883 accidit,
661 3812 700 3868 ut
716 3803 822 3868 etiam
841 3823 946 3867 voces
963 3801 1011 3866 rei
1030 3801 1193 3867 militaris
1210 3823 1354 3867 snorum
1378 3799 1509 3867 civium

338 3930 422 3993 prae
453 3908 598 3974 vocibus
622 3906 979 3975 Lacedaemoniorum
1013 3929 1124 3994 paene
1152 3909 1188 3974 in
1218 3907 1431 3975 oblivionem
1462 3928 1512 3970 re·

340 4015 512 4097 cederent,
538 4024 572 4079 et
596 4015 744 4102 scriptor
761 4015 925 4102 quamvis
950 4016 993 4080 de
1018 4014 1095 4080 aliis
1113 4015 1280 4100 gentibus
1301 4016 1511 4098 loqueretur,

341 4142 604 4207 nonnumquam
626 4121 770 4189 vocibus
787 4123 1042 4207 Spartanorum
1061 4130 1187 4208 sponte
1205 4132 1389 4197 uteretur„
1407 4120 1510 4204 Quod

338 4230 469 4294 lactum
485 4249 562 4294 esse
575 4229 603 4316 si
613 4229 799 4315 continget
810 4229 911 4314 nobis
921 4237 961 4294 ut
970 4229 1261 4311 demonstremus,
1275 4228 1511 4302 certissimum

338 4322 375 4401 et
400 4335 650 4420 gravissimum
677 4346 929 4421 argumentum
960 4335 1214 4416 nanciscemur,
1243 4356 1314 4422 quo
1343 4344 1515 4421 appareat
