3500 5052
778 393 1002 463 „27-

404 607 521 698 Supra
551 610 626 684 dixi
654 632 712 682 me
740 608 932 696 quaerendi
967 607 1152 677 exordium
1188 608 1233 675 ab
1269 631 1311 676 ea
1335 609 1474 678 Ditteu.

295 715 437 802 bergeri
467 716 697 786 annotatione
725 715 869 804 cepisse,
905 737 975 803 qua
1009 715 1069 785 ille
1101 713 1258 783 ostendit
1291 715 1330 782 in
1357 719 1475 784 Xeno-

265 847 269 854 ·
296 821 442 909 phontis
467 843 533 892 usu
558 822 698 893 dicendi
722 823 852 892 mirum
869 821 1048 908 quoddam
1072 819 1260 890 discrimen
1285 843 1361 888 esse
1382 821 1475 888 inter

297 926 461 1018 τρόπαιον
477 925 609 997 ἱστάναι
626 939 662 999 et
679 927 845 1018 τρόπαιον
860 929 1031 996 ἰ’στασθαι.
1056 927 1107 994 Ac
1119 927 1382 996 memorabilem
1399 949 1475 998 rem

297 1035 426 1114 docent
460 1034 616 1104 tabulae:
656 1035 693 1104 in
729 1036 763 1102 A
797 1045 832 1102 et
866 1034 961 1122 apud
997 1033 1245 1118 Thucydidem
1281 1033 1371 1100 nihil
1405 1034 1474 1101 nisi

298 1139 467 1229 τρόπαιον
491 1139 634 1228 ἱστάναι,
657 1143 694 1210 in
711 1145 739 1210 B
755 1142 844 1212 etin
861 1140 1101 1228 Expeditione
1118 1139 1207 1208 uihil
1223 1139 1291 1208 nisi
1308 1137 1476 1226 τρόπαιον

300 1249 482 1318 ἵστασθαιὶ
513 1251 671 1337 Apparet
697 1249 810 1336 igitur
838 1248 969 1318 tabulis
997 1246 1127 1315 nostris
1150 1243 1316 1336 τρόπαιον
1340 1243 1474 1314 ἱστάναι

296 1355 423 1444 prioris
439 1355 577 1437 aetatis,
593 1355 762 1446 τρόπαιον
773 1358 934 1428 ἵστασθαι
947 1355 1150 1448 posterioris
1163 1353 1343 1442 proprium
1357 1353 1475 1436 tuisse,

298 1470 335 1529 et
355 1471 493 1549 partem
518 1465 549 1529 A
572 1463 689 1550 priori,
712 1471 849 1550 partem
875 1465 902 1528 B
926 1461 1112 1549 posteriori
1145 1460 1295 1548 tempori
1319 1459 1474 1527 attribui.

405 1570 456 1653 Id,
488 1570 581 1655 quod
616 1593 661 1636 ex
693 1569 824 1638 tabulis
861 1569 1108 1656 cognovimus,
1141 1567 1187 1636 ob
1222 1568 1335 1654 ipsam
1376 1566 1474 1634 illam

298 1675 545 1759 constantiam,
569 1676 699 1763 quain
724 1676 845 1744 alteris
868 1675 967 1742 libris
991 1674 1082 1745 nihil
1107 1674 1173 1742 uisi
1197 1674 1354 1743 medium
1378 1695 1476 1740 usur-

297 1790 412 1866 patur,
434 1780 473 1847 in
496 1782 616 1850 alteris
644 1782 734 1851 nihil
762 1781 830 1852 nisi
855 1782 1024 1865 activum,
1051 1780 1247 1848 mirabilius
1277 1790 1340 1864 est,
1368 1801 1475 1866 quam

297 1894 339 1956 ut
361 1886 523 1956 omittere
546 1888 725 1975 possimus
747 1911 852 1977 porro
881 1888 1071 1976 inquirere,
1095 1897 1214 1954 utrum
1240 1908 1343 1954 usum
1369 1886 1476 1953 ceteri

298 1992 486 2081 scriptores
509 1994 618 2064 Attici
641 1996 754 2064 secuti
778 1996 860 2064 sint.
910 1997 1011 2080 Quae
1026 2016 1082 2064 res
1099 2016 1180 2062 cum
1196 1993 1315 2081 ipsum
1332 1994 1376 2060 ad
1398 2014 1476 2079 pro·

297 2099 455 2188 positum
483 2111 645 2174 nostrum
677 2102 796 2174 minus
825 2108 1007 2190 pertineat,
1042 2123 1148 2188 quam
1172 2098 1381 2168 brevissime
1416 2120 1476 2166 eos

297 2206 402 2291 locos,
425 2230 514 2295 quos
531 2218 572 2278 ut
587 2209 872 2278 nancisceremur
891 2209 992 2278 nobis
1009 2207 1171 2294 contigit,
1180 2212 1203 2290 ¹)
1219 2205 1476 2277 exhibebimus.

298 2349 673 2437 Soph.Trach.1102:
696 2343 829 2478 κούδεὶς
856 2343 994 2439 rporrni'
1025 2350 1143 2442 ἔστησε
1170 2356 1235 2418 τῶν
1258 2348 1345 2435 ἐμεῖν
1366 2355 1475 2476 χεςῶν.

299 2456 384 2526 Eur.
409 2456 576 2526 Androm.
600 2452 724 2526 6842‘
706 2485 785 2527 οταν
807 2464 957 2547 τροπαῖα
980 2458 1156 2544 πολεμίων
1179 2455 1284 2548 στήσῃ
1300 2454 1446 2546 στρατός.

325 2609 339 2639 ,,
411 2545 495 2632 ibid.
512 2562 577 2630 752
590 2587 654 2652 sq
679 2557 794 2633 dit*
768 2564 817 2646 είς
838 2591 875 2656 με
897 2555 1024 2634 τοιόνδ’
1043 2555 1133 2651 όνόρ
1149 2554 1355 2650 ἇποβλέψας
1377 2561 1478 2649 μόνον

511 2677 675 2758 τροπαῖον
699 2663 799 2739 αυτοῦ
823 2666 988 2763 στήσομαι
1015 2671 1164 2758 πρέσβυς
1187 2695 1253 2758 περ
1277 2660 1331 2738 (όν.

323 2823 339 2859 „
409 2776 568 2864 Supplic.
600 2774 680 2844 650:
718 2785 795 2858 πῶς
815 2805 878 2867 γαρ
905 2783 1054 2866 τροπαῖα
1082 2773 1191 2868 Ζηνός
1212 2775 1342 2866 Αἰγέως
1379 2774 1478 2857 τόκος

511 2881 649 2974 ἔστησεν
672 2886 742 2952 οἵτε
765 2882 1049 2969 συμμετασχόντες
1072 2881 1179 2972 δορός;

325 3035 340 3070 „
412 2988 526 3056 Orest.
542 2987 622 3055 706:
648 2987 678 3057 εἰ
701 2987 761 3078 γὰρ
784 2988 896 3080 ῥᾴδιον
917 2990 1017 3080 λόγχῃ
1040 2997 1103 3080 μιᾷ

513 3101 633 3184 στῆσαι
655 3087 791 3186 τρόπαι)
813 3088 854 3187 ἦν
875 3103 941 3164 τῶν
962 3103 1083 3164 κακῶν.
1097 3094 1113 3164 ’.
1140 3148 1148 3164 .
1173 3150 1181 3164 .

324 3247 340 3284 „
411 3201 590 3269 Phoeniss.
605 3200 686 3272 573:
710 3199 797 3292 πρός
812 3209 911 3287 θεῶν,
928 3202 1081 3292 τρόπαια
1094 3209 1172 3284 πῶς
1188 3194 1386 3293 οἷναστήσεις
1401 3203 1465 3272 Διί
1469 3228 1476 3288 ;

298 3306 476 3396 Aristoph
495 3309 612 3396 Equit
628 3299 753 3380 5213⁰
734 3338 771 3392 ος
793 3313 940 3381 πλεῖστα
962 3317 1070 3400 χορῶν
1092 3317 1159 3379 τῶν
1174 3303 1371 3380 dissimilator

511 3415 603 3508 νίκης
616 3415 742 3510 &inqua
764 3417 923 3508 τρόπαια.

390 3570 406 3607 „
500 3526 592 3592 Plut.
612 3523 694 3594 453:
717 3523 858 3615 θάρρει·
868 3524 971 3612 μόνος
993 3522 1055 3616 γὰρ
1079 3518 1097 3594 ὁ
1123 3520 1207 3606 θεὸς
1222 3551 1317 3606 οοτος
1340 3517 1444 3594 oid‘'
1425 3552 1478 3594 οτι

511 3635 678 3718 τροπαῖον
701 3627 741 3698 ἂν
764 3631 923 3722 στήσαιτο
945 3659 1012 3699 των
1034 3631 1154 3722 ταύτης
1175 3630 1325 3720 τρόπων.

300 3732 311 3820 [
392 3781 408 3816 „
500 3733 716 3822 Thesmoph.
732 3734 812 3803 697:
838 3739 875 3806 οὐ
899 3734 1029 3827 πολλὴν
1049 3734 1134 3826 βοὴν
1149 3735 1315 3826 στήσεσθε
1331 3761 1388 3804 και
1401 3762 1477 3826 apo*

513 3865 616 3908 παιον
637 3892 645 3908 .
671 3891 679 3910 .
705 3894 711 3913 .
737 3841 796 3908 hic
811 3845 909 3910 locus
926 3843 969 3909 ad
987 3865 1061 3910 rem
1078 3853 1234 3910 nostram
1251 3865 1322 3910 non
1338 3853 1476 3930 spectat

513 3956 712 4034 propterea,
747 3949 840 4034 quod
875 3947 1041 4037 τρόπαιον
1075 3949 1223 4017 verbum
1256 3950 1473 4026 adiectivutn

513 4052 792 4140 intellegendum
816 4064 852 4124 et
874 4056 919 4121 ad
942 4051 1024 4144 βοήν
1046 4056 1267 4124 referendum
1289 4067 1357 4130 est:
1385 4079 1476 4142 ,ma

514 4181 626 4246 gnum
643 4162 833 4230 clamorem
850 4172 886 4233 et
902 4164 1017 4246 talem,
1041 4162 1155 4249 quiin
1171 4163 1295 4248 fugam
1310 4163 1474 4249 vertat.“]

297 4286 514 4298 ...----....

310 4336 316 4354 ”
409 4343 431 4420 ¹)
455 4343 522 4403 Hos
544 4346 629 4404 locos
653 4335 831 4422 benignitati
853 4345 1077 4422 Dittenbergeri
1100 4344 1233 4422 magistri
1256 4345 1367 4404 debeo.
