3500 5052
708 457 930 524 ..43-

229 677 350 744 iuncta
377 686 469 760 sunt,
493 676 530 741 in
554 673 786 741 Institutione
811 671 900 756 Cyri,
925 671 986 738 ubi
1010 671 1157 738 verbnm
1182 671 1405 758 προσβάλλειν

227 784 341 851 rarius
357 783 498 869 legitur,
522 782 628 847 trium
645 779 835 847 verborum
851 779 923 845 duo
940 800 1019 854 cum
1038 777 1301 865 praepositione
1325 800 1405 844 con·

227 891 349 958 iuncta
371 898 466 970 sunt,
491 888 528 954 in
546 886 782 973 Expeditione
806 907 891 952 usus
915 885 1027 953 dativi
1041 885 1186 951 omnino
1203 885 1322 950 nullus
1339 893 1403 956 est.

229 994 519 1063 Manifestissime
544 994 685 1060 tabulae
709 992 953 1058 demonstrant
977 1012 1080 1057 nsum
1105 990 1244 1056 dicendi
1269 1012 1313 1056 ex
1329 1011 1404 1056 suc·

229 1101 397 1168 cinctione
421 1099 647 1188 prolixiorem
672 1099 803 1164 iactum
833 1120 910 1164 esse
935 1119 1108 1184 usumque
1132 1095 1404 1184 praepositionis

228 1207 400 1295 paulatim
425 1206 624 1275 increvisse.

595 1387 597 1390 Ι
627 1407 688 1470 ΙΧ.
713 1404 869 1471 Verbum
893 1407 997 1470 νικᾶν.

799 1531 839 1596 Α.

273 1641 365 1701 νικᾶν
389 1636 423 1702 ἐν
526 1641 672 1701 vincive.
697 1657 768 1702 acc,
874 1640 967 1701 νικᾶν
990 1657 1017 1700 c.
1041 1634 1113 1700 dat.
1153 1638 1248 1700 νικᾶν
1272 1654 1299 1699 c.
1315 1642 1403 1718 part.

799 2007 836 2073 B.

272 2120 365 2182 νικᾶν
388 2114 422 2181 ἐν
526 2117 620 2177 νικᾶν
643 2132 668 2175 e
693 2132 761 2177 acc„
830 2137 835 2145 ·
875 2118 968 2177 νικᾶν
992 2135 1017 2178 c.
1043 2113 1112 2178 dat.
1161 2117 1252 2178 νικᾶν
1275 2134 1302 2178 c.
1314 2122 1403 2198 part.

471 2237 474 2361 J
792 2235 794 2358 t
818 2255 867 2320 vr
885 2250 980 2335 3‚13.
997 2251 1048 2319 14.
1065 2249 1138 2329 8,1.
1167 2236 1170 2356 1

1244 2362 1404 2370 ——-

337 2491 494 2556 Verbum
519 2493 610 2556 νικᾶν
634 2487 689 2553 his
713 2485 826 2554 modis
851 2495 1055 2572 usurpatur:
1085 2490 1177 2551 νικᾶν
1201 2506 1282 2551 cnm
1306 2505 1403 2570 prae-

229 2594 404 2676 positione
439 2597 487 2678 (ἐν
514 2593 623 2685 μάχῃ),
657 2616 737 2660 cnm
772 2594 894 2660 dativo
929 2589 1048 2681 (μάχῃ),
1084 2612 1163 2657 curn
1200 2589 1405 2658 accusativo

231 2693 305 2785 (τήν
337 2697 467 2790 μάχην),
513 2723 593 2768 cum
629 2700 814 2788 participio
849 2700 947 2768 verbi
984 2698 1173 2766 cuiuslibet
1219 2696 1405 2784 pugnandi

230 2800 436 2888 (μαχόμενος,
460 2813 630 2893 ναυμαχῶν
654 2808 742 2896 etc).
790 2811 831 2873 In
849 2808 878 2870 A
897 2807 1016 2874 omnia
1039 2827 1126 2872 usus
1150 2826 1290 2891 genera,
1314 2825 1405 2889 quae

230 2910 378 2993 ostendi,
401 2911 643 2997 inveniuntur,
668 2918 835 2981 contraB
860 2916 1007 2982 verbnm
1033 2918 1127 2981 νικᾶν
1150 2934 1220 2978 non
1238 2910 1305 2976 nisi
1322 2932 1404 2976 cum

230 3016 352 3083 dativo
380 3017 609 3085 coniunctum
637 3020 755 3087 habet.
817 3022 954 3088 Deinde
983 3022 1125 3088 tabulae
1158 3019 1405 3086 demonstrant

230 3124 435 3210 scriptorem
463 3124 499 3189 in
525 3129 555 3190 A
580 3127 727 3192 verbum
751 3133 843 3193 νικᾶν
871 3149 950 3194 cnm
980 3129 1098 3215 aliquo
1123 3128 1230 3195 verbo
1259 3146 1404 3212 pugnae

230 3253 292 3297 seu
316 3231 502 3317 pugnandi
527 3230 741 3317 saepissime,
764 3233 801 3298 in
820 3236 847 3298 B
871 3255 1054 3320 nunquam
1076 3235 1148 3300 iere
1165 3232 1403 3319 usurpavisse.

231 3340 312 3404 Hoc
340 3360 480 3425 quoque
510 3339 651 3404 tabulae
676 3338 804 3406 docent
830 3340 867 3406 in
892 3343 922 3406 A
947 3342 1060 3407 multo
1089 3341 1230 3427 saepius
1254 3341 1403 3405 verbum

230 3451 321 3512 νικᾶν
343 3445 416 3531 legi
440 3465 546 3532 quarn
572 3445 608 3511 in
634 3447 746 3511 multo
763 3448 934 3533 ampliore
959 3450 997 3512 B.
1038 3448 1078 3513 Id
1103 3470 1144 3514 eo
1168 3448 1301 3513 factum
1327 3467 1404 3512 esse

228 3560 355 3638 potest,
379 3553 473 3638 qnod
497 3551 646 3639 scriptor·
669 3552 705 3616 in
733 3555 758 3617 B
782 3554 878 3619 aliud
896 3554 1042 3620 verbnm
1067 3554 1225 3620 eiusdem
1249 3552 1403 3620 notionis

229 3658 406 3743 praetulit,
441 3659 535 3745 qnod
565 3682 602 3725 re
631 3680 715 3725 vera
749 3659 841 3742 fecit,
869 3683 951 3726 nam
983 3666 1078 3726 νικᾶν
1106 3660 1142 3725 in
1172 3663 1202 3723 A
1236 3658 1403 3726 undecies

230 3764 399 3851 scriptum
424 3775 487 3849 est,
510 3766 547 3831 in
572 3767 685 3832 multo
709 3765 925 3853 amplioreB
949 3765 1074 3849 decies,
1099 3768 1246 3833 verbum
1271 3770 1404 3853 κρατεῖν

229 3871 266 3935 in
290 3874 321 3934 A
345 3871 542 3958 quinquies,
571 3873 607 3938 in
637 3876 664 3938 B
693 3873 803 3940 vicies
831 3874 950 3940 semel.
976 3911 1019 3922 --
1042 3872 1200 3940 Tabulas
1230 3872 1404 3939 Instituti-

229 3978 306 4043 onis
331 3988 367 4044 et
390 3979 639 4066 Expeditionis
663 4002 734 4045 non
758 3979 935 4066 descripsi,
960 3981 1054 4065 quod
1078 4001 1204 4066 parurn
1234 3979 1403 4046 materiae

228 4086 408 4171 praebent,
432 4108 523 4173 quae
540 4097 772 4174 comparetur.
802 4089 895 4152 Nam
920 4086 957 4153 in
981 4097 1131 4174 utroque
1156 4087 1286 4174 scripto
1310 4087 1403 4153 binis

228 4192 313 4258 locis
338 4198 430 4261 νικᾶν
458 4215 539 4260 cum
564 4195 672 4260 verbo
701 4216 845 4281 pugnae
873 4215 936 4260 sen
965 4193 1149 4281 pugnandi
1175 4193 1403 4259 coniunctum

226 4299 348 4366 inveni
371 4301 423 4366 ita
447 4301 600 4387 quidem,
623 4311 664 4367 ut
688 4322 772 4367 usus
790 4301 1028 4368 Institutionis
1053 4301 1132 4368 usui
1156 4301 1268 4388 partis
1286 4302 1313 4366 B
1330 4322 1403 4367 non

230 4406 277 4471 sit
300 4407 434 4491 similis
459 4407 651 4494 Expeditio
675 4418 795 4474 autem
819 4430 900 4474 cum
927 4429 992 4476 usu
1017 4408 1172 4495 partisB
1196 4408 1301 4497 plane
1325 4430 1404 4475 con-
